,index,date,timestamp,side,px,sz,n
0,0,2023-12-31T00:00:03.469143468,1703980802613,ask,42184.0,0.0019,2
1,0,2023-12-31T00:00:03.469143468,1703980802613,ask,42182.0,0.02305,1
2,0,2023-12-31T00:00:03.469143468,1703980802613,ask,42179.0,0.0177,1
3,0,2023-12-31T00:00:03.469143468,1703980802613,ask,42176.0,0.17017,2
4,0,2023-12-31T00:00:03.469143468,1703980802613,ask,42175.0,0.04312,1
5,0,2023-12-31T00:00:03.469143468,1703980802613,ask,42170.0,4.18013,2
6,0,2023-12-31T00:00:03.469143468,1703980802613,ask,42163.0,8.16618,2
7,0,2023-12-31T00:00:03.469143468,1703980802613,ask,42154.0,4.36166,1
8,0,2023-12-31T00:00:03.469143468,1703980802613,ask,42153.0,3.787,1
9,0,2023-12-31T00:00:03.469143468,1703980802613,ask,42142.0,0.11877,1
10,0,2023-12-31T00:00:03.469143468,1703980802613,bid,42140.0,0.0061,1
11,0,2023-12-31T00:00:03.469143468,1703980802613,bid,42136.0,8.14942,2
12,0,2023-12-31T00:00:03.469143468,1703980802613,bid,42125.0,0.70008,1
13,0,2023-12-31T00:00:03.469143468,1703980802613,bid,42087.0,0.0297,1
14,0,2023-12-31T00:00:03.469143468,1703980802613,bid,42086.0,7.85564,2
15,0,2023-12-31T00:00:03.469143468,1703980802613,bid,42064.0,0.08915,1
16,0,2023-12-31T00:00:03.469143468,1703980802613,bid,42063.0,0.65166,1
17,0,2023-12-31T00:00:03.469143468,1703980802613,bid,42044.0,0.02973,1
18,0,2023-12-31T00:00:03.469143468,1703980802613,bid,42000.0,9.05305,3
19,0,2023-12-31T00:00:03.469143468,1703980802613,bid,41938.0,0.5514,1
20,1,2023-12-31T01:00:02.780470006,1703984400823,ask,42390.0,0.00118,1
21,1,2023-12-31T01:00:02.780470006,1703984400823,ask,42388.0,0.39648,4
22,1,2023-12-31T01:00:02.780470006,1703984400823,ask,42386.0,3.88225,2
23,1,2023-12-31T01:00:02.780470006,1703984400823,ask,42381.0,0.02358,1
24,1,2023-12-31T01:00:02.780470006,1703984400823,ask,42378.0,7.7292,2
25,1,2023-12-31T01:00:02.780470006,1703984400823,ask,42374.0,0.30201,1
26,1,2023-12-31T01:00:02.780470006,1703984400823,ask,42373.0,4.01523,1
27,1,2023-12-31T01:00:02.780470006,1703984400823,ask,42367.0,4.38318,1
28,1,2023-12-31T01:00:02.780470006,1703984400823,ask,42346.0,4.16149,1
29,1,2023-12-31T01:00:02.780470006,1703984400823,ask,42342.0,3.65372,1
30,1,2023-12-31T01:00:02.780470006,1703984400823,bid,42336.0,0.0053,1
31,1,2023-12-31T01:00:02.780470006,1703984400823,bid,42335.0,0.11823,1
32,1,2023-12-31T01:00:02.780470006,1703984400823,bid,42321.0,0.0027,1
33,1,2023-12-31T01:00:02.780470006,1703984400823,bid,42310.0,0.11817,2
34,1,2023-12-31T01:00:02.780470006,1703984400823,bid,42295.0,3.7056,1
35,1,2023-12-31T01:00:02.780470006,1703984400823,bid,42285.0,3.77483,1
36,1,2023-12-31T01:00:02.780470006,1703984400823,bid,42267.0,0.02957,1
37,1,2023-12-31T01:00:02.780470006,1703984400823,bid,42183.0,3.9351,1
38,1,2023-12-31T01:00:02.780470006,1703984400823,bid,42175.0,3.6434,1
39,1,2023-12-31T01:00:02.780470006,1703984400823,bid,42038.0,0.70008,1
40,2,2023-12-31T02:00:00.850992618,1703987999916,ask,42211.0,4.02426,3
41,2,2023-12-31T02:00:00.850992618,1703987999916,ask,42209.0,0.02305,1
42,2,2023-12-31T02:00:00.850992618,1703987999916,ask,42208.0,0.02368,1
43,2,2023-12-31T02:00:00.850992618,1703987999916,ask,42206.0,0.0005,1
44,2,2023-12-31T02:00:00.850992618,1703987999916,ask,42205.0,7.74229,2
45,2,2023-12-31T02:00:00.850992618,1703987999916,ask,42201.0,0.0005,1
46,2,2023-12-31T02:00:00.850992618,1703987999916,ask,42196.0,8.42144,2
47,2,2023-12-31T02:00:00.850992618,1703987999916,ask,42170.0,8.3621,2
48,2,2023-12-31T02:00:00.850992618,1703987999916,ask,42165.0,0.0062,1
49,2,2023-12-31T02:00:00.850992618,1703987999916,ask,42161.0,0.025,1
50,2,2023-12-31T02:00:00.850992618,1703987999916,bid,42134.0,0.11879,1
51,2,2023-12-31T02:00:00.850992618,1703987999916,bid,42119.0,0.02968,1
52,2,2023-12-31T02:00:00.850992618,1703987999916,bid,42118.0,0.08904,1
53,2,2023-12-31T02:00:00.850992618,1703987999916,bid,42117.0,8.27715,2
54,2,2023-12-31T02:00:00.850992618,1703987999916,bid,42076.0,0.02971,1
55,2,2023-12-31T02:00:00.850992618,1703987999916,bid,42047.0,3.8609,1
56,2,2023-12-31T02:00:00.850992618,1703987999916,bid,42038.0,0.70008,1
57,2,2023-12-31T02:00:00.850992618,1703987999916,bid,42036.0,3.94679,1
58,2,2023-12-31T02:00:00.850992618,1703987999916,bid,42000.0,0.60153,1
59,2,2023-12-31T02:00:00.850992618,1703987999916,bid,41962.0,0.65166,1
60,3,2023-12-31T03:00:00.942006629,1703991599759,ask,42107.0,0.02628,1
61,3,2023-12-31T03:00:00.942006629,1703991599759,ask,42106.0,3.6552,3
62,3,2023-12-31T03:00:00.942006629,1703991599759,ask,42098.0,6.98015,2
63,3,2023-12-31T03:00:00.942006629,1703991599759,ask,42096.0,0.08251,1
64,3,2023-12-31T03:00:00.942006629,1703991599759,ask,42095.0,7.59909,2
65,3,2023-12-31T03:00:00.942006629,1703991599759,ask,42087.0,7.29335,2
66,3,2023-12-31T03:00:00.942006629,1703991599759,ask,42066.0,7.73283,2
67,3,2023-12-31T03:00:00.942006629,1703991599759,ask,42056.0,0.0376,2
68,3,2023-12-31T03:00:00.942006629,1703991599759,ask,42049.0,0.11903,1
69,3,2023-12-31T03:00:00.942006629,1703991599759,ask,42026.0,0.08923,1
70,3,2023-12-31T03:00:00.942006629,1703991599759,bid,42024.0,0.02974,1
71,3,2023-12-31T03:00:00.942006629,1703991599759,bid,42019.0,3.97168,1
72,3,2023-12-31T03:00:00.942006629,1703991599759,bid,42016.0,4.19874,1
73,3,2023-12-31T03:00:00.942006629,1703991599759,bid,42000.0,0.60153,1
74,3,2023-12-31T03:00:00.942006629,1703991599759,bid,41981.0,0.02978,1
75,3,2023-12-31T03:00:00.942006629,1703991599759,bid,41962.0,0.65166,1
76,3,2023-12-31T03:00:00.942006629,1703991599759,bid,41938.0,0.5514,1
77,3,2023-12-31T03:00:00.942006629,1703991599759,bid,41921.0,4.06774,1
78,3,2023-12-31T03:00:00.942006629,1703991599759,bid,41919.0,4.44118,1
79,3,2023-12-31T03:00:00.942006629,1703991599759,bid,41880.0,2.36074,1
80,4,2023-12-31T04:00:03.375447887,1703995200962,ask,42220.0,0.00095,1
81,4,2023-12-31T04:00:03.375447887,1703995200962,ask,42204.0,4.05835,2
82,4,2023-12-31T04:00:03.375447887,1703995200962,ask,42201.0,0.05931,1
83,4,2023-12-31T04:00:03.375447887,1703995200962,ask,42200.0,0.3037,1
84,4,2023-12-31T04:00:03.375447887,1703995200962,ask,42199.0,0.02368,1
85,4,2023-12-31T04:00:03.375447887,1703995200962,ask,42196.0,8.09134,2
86,4,2023-12-31T04:00:03.375447887,1703995200962,ask,42186.0,8.05909,2
87,4,2023-12-31T04:00:03.375447887,1703995200962,ask,42163.0,8.23587,2
88,4,2023-12-31T04:00:03.375447887,1703995200962,ask,42155.0,0.11873,1
89,4,2023-12-31T04:00:03.375447887,1703995200962,ask,42154.0,0.0062,1
90,4,2023-12-31T04:00:03.375447887,1703995200962,bid,42153.0,0.0079,1
91,4,2023-12-31T04:00:03.375447887,1703995200962,bid,42108.0,0.11875,2
92,4,2023-12-31T04:00:03.375447887,1703995200962,bid,42107.0,8.22786,2
93,4,2023-12-31T04:00:03.375447887,1703995200962,bid,42065.0,0.02972,1
94,4,2023-12-31T04:00:03.375447887,1703995200962,bid,42000.0,0.60153,1
95,4,2023-12-31T04:00:03.375447887,1703995200962,bid,41999.0,7.89897,2
96,4,2023-12-31T04:00:03.375447887,1703995200962,bid,41962.0,0.65166,1
97,4,2023-12-31T04:00:03.375447887,1703995200962,bid,41938.0,0.5514,1
98,4,2023-12-31T04:00:03.375447887,1703995200962,bid,41880.0,2.36074,1
99,4,2023-12-31T04:00:03.375447887,1703995200962,bid,41875.0,2.50127,2
100,5,2023-12-31T05:00:03.403366732,1703998800494,ask,42270.0,0.20133,2
101,5,2023-12-31T05:00:03.403366732,1703998800494,ask,42269.0,0.075,1
102,5,2023-12-31T05:00:03.403366732,1703998800494,ask,42262.0,3.88752,2
103,5,2023-12-31T05:00:03.403366732,1703998800494,ask,42255.0,7.81779,3
104,5,2023-12-31T05:00:03.403366732,1703998800494,ask,42254.0,0.015,1
105,5,2023-12-31T05:00:03.403366732,1703998800494,ask,42253.0,0.02365,1
106,5,2023-12-31T05:00:03.403366732,1703998800494,ask,42252.0,3.6571,1
107,5,2023-12-31T05:00:03.403366732,1703998800494,ask,42244.0,7.55226,2
108,5,2023-12-31T05:00:03.403366732,1703998800494,ask,42220.0,8.5851,2
109,5,2023-12-31T05:00:03.403366732,1703998800494,ask,42218.0,0.0082,1
110,5,2023-12-31T05:00:03.403366732,1703998800494,bid,42217.0,0.0073,1
111,5,2023-12-31T05:00:03.403366732,1703998800494,bid,42208.0,0.11858,1
112,5,2023-12-31T05:00:03.403366732,1703998800494,bid,42179.0,0.08891,1
113,5,2023-12-31T05:00:03.403366732,1703998800494,bid,42178.0,4.34596,1
114,5,2023-12-31T05:00:03.403366732,1703998800494,bid,42164.0,3.90721,1
115,5,2023-12-31T05:00:03.403366732,1703998800494,bid,42157.0,0.02965,1
116,5,2023-12-31T05:00:03.403366732,1703998800494,bid,42114.0,0.02968,1
117,5,2023-12-31T05:00:03.403366732,1703998800494,bid,42047.0,7.98214,2
118,5,2023-12-31T05:00:03.403366732,1703998800494,bid,42000.0,0.11874,1
119,5,2023-12-31T05:00:03.403366732,1703998800494,bid,41882.0,20.21517,1
120,6,2023-12-31T06:00:01.001722149,1704002399781,ask,42250.0,0.14479,4
121,6,2023-12-31T06:00:01.001722149,1704002399781,ask,42238.0,4.27888,2
122,6,2023-12-31T06:00:01.001722149,1704002399781,ask,42235.0,0.03445,1
123,6,2023-12-31T06:00:01.001722149,1704002399781,ask,42233.0,7.44962,2
124,6,2023-12-31T06:00:01.001722149,1704002399781,ask,42228.0,0.15166,1
125,6,2023-12-31T06:00:01.001722149,1704002399781,ask,42227.0,0.02366,1
126,6,2023-12-31T06:00:01.001722149,1704002399781,ask,42225.0,4.07478,1
127,6,2023-12-31T06:00:01.001722149,1704002399781,ask,42220.0,4.17235,1
128,6,2023-12-31T06:00:01.001722149,1704002399781,ask,42219.0,0.0079,1
129,6,2023-12-31T06:00:01.001722149,1704002399781,ask,42195.0,7.94188,2
130,6,2023-12-31T06:00:01.001722149,1704002399781,bid,42187.0,0.11864,1
131,6,2023-12-31T06:00:01.001722149,1704002399781,bid,42145.0,0.08898,1
132,6,2023-12-31T06:00:01.001722149,1704002399781,bid,42144.0,8.1017,2
133,6,2023-12-31T06:00:01.001722149,1704002399781,bid,42125.0,0.02967,1
134,6,2023-12-31T06:00:01.001722149,1704002399781,bid,42082.0,0.0297,1
135,6,2023-12-31T06:00:01.001722149,1704002399781,bid,42065.0,8.08585,2
136,6,2023-12-31T06:00:01.001722149,1704002399781,bid,41955.0,0.00222,1
137,6,2023-12-31T06:00:01.001722149,1704002399781,bid,41882.0,20.21517,1
138,6,2023-12-31T06:00:01.001722149,1704002399781,bid,41880.0,23.5852,2
139,6,2023-12-31T06:00:01.001722149,1704002399781,bid,41875.0,2.0,1
140,7,2023-12-31T07:00:01.107909377,1704005999960,ask,42291.0,0.00086,2
141,7,2023-12-31T07:00:01.107909377,1704005999960,ask,42290.0,3.50156,2
142,7,2023-12-31T07:00:01.107909377,1704005999960,ask,42286.0,0.06364,2
143,7,2023-12-31T07:00:01.107909377,1704005999960,ask,42284.0,0.0015,1
144,7,2023-12-31T07:00:01.107909377,1704005999960,ask,42283.0,7.24316,2
145,7,2023-12-31T07:00:01.107909377,1704005999960,ask,42280.0,0.06855,1
146,7,2023-12-31T07:00:01.107909377,1704005999960,ask,42279.0,0.0029,1
147,7,2023-12-31T07:00:01.107909377,1704005999960,ask,42277.0,3.8146,1
148,7,2023-12-31T07:00:01.107909377,1704005999960,ask,42276.0,3.99124,1
149,7,2023-12-31T07:00:01.107909377,1704005999960,ask,42255.0,4.01961,1
150,7,2023-12-31T07:00:01.107909377,1704005999960,bid,42246.0,3.46416,1
151,7,2023-12-31T07:00:01.107909377,1704005999960,bid,42240.0,0.11849,1
152,7,2023-12-31T07:00:01.107909377,1704005999960,bid,42219.0,0.0079,1
153,7,2023-12-31T07:00:01.107909377,1704005999960,bid,42213.0,7.93337,2
154,7,2023-12-31T07:00:01.107909377,1704005999960,bid,42117.0,0.08904,1
155,7,2023-12-31T07:00:01.107909377,1704005999960,bid,42116.0,0.02968,1
156,7,2023-12-31T07:00:01.107909377,1704005999960,bid,42115.0,4.05169,1
157,7,2023-12-31T07:00:01.107909377,1704005999960,bid,42114.0,4.38481,1
158,7,2023-12-31T07:00:01.107909377,1704005999960,bid,42073.0,0.02971,1
159,7,2023-12-31T07:00:01.107909377,1704005999960,bid,41955.0,0.00222,1
160,8,2023-12-31T08:00:00.743916532,1704009599608,ask,42564.0,0.00446,1
161,8,2023-12-31T08:00:00.743916532,1704009599608,ask,42563.0,0.015,1
162,8,2023-12-31T08:00:00.743916532,1704009599608,ask,42560.0,0.04,1
163,8,2023-12-31T08:00:00.743916532,1704009599608,ask,42559.0,0.02305,1
164,8,2023-12-31T08:00:00.743916532,1704009599608,ask,42558.0,3.06186,2
165,8,2023-12-31T08:00:00.743916532,1704009599608,ask,42555.0,0.17828,1
166,8,2023-12-31T08:00:00.743916532,1704009599608,ask,42550.0,3.28926,2
167,8,2023-12-31T08:00:00.743916532,1704009599608,ask,42549.0,2.90756,1
168,8,2023-12-31T08:00:00.743916532,1704009599608,ask,42540.0,6.60521,2
169,8,2023-12-31T08:00:00.743916532,1704009599608,ask,42511.0,2.97526,1
170,8,2023-12-31T08:00:00.743916532,1704009599608,bid,42505.0,3.15567,1
171,8,2023-12-31T08:00:00.743916532,1704009599608,bid,42503.0,0.11776,1
172,8,2023-12-31T08:00:00.743916532,1704009599608,bid,42471.0,0.002,1
173,8,2023-12-31T08:00:00.743916532,1704009599608,bid,42466.0,0.08831,1
174,8,2023-12-31T08:00:00.743916532,1704009599608,bid,42465.0,0.0045,1
175,8,2023-12-31T08:00:00.743916532,1704009599608,bid,42462.0,0.02944,1
176,8,2023-12-31T08:00:00.743916532,1704009599608,bid,42457.0,3.88842,1
177,8,2023-12-31T08:00:00.743916532,1704009599608,bid,42441.0,3.88366,1
178,8,2023-12-31T08:00:00.743916532,1704009599608,bid,42437.0,0.00403,1
179,8,2023-12-31T08:00:00.743916532,1704009599608,bid,42419.0,0.02947,1
180,9,2023-12-31T09:00:02.801708354,1704013200138,ask,42506.0,3.29833,3
181,9,2023-12-31T09:00:02.801708354,1704013200138,ask,42498.0,0.28519,1
182,9,2023-12-31T09:00:02.801708354,1704013200138,ask,42497.0,6.56768,2
183,9,2023-12-31T09:00:02.801708354,1704013200138,ask,42496.0,0.12531,1
184,9,2023-12-31T09:00:02.801708354,1704013200138,ask,42495.0,0.02351,1
185,9,2023-12-31T09:00:02.801708354,1704013200138,ask,42491.0,6.58665,2
186,9,2023-12-31T09:00:02.801708354,1704013200138,ask,42459.0,6.42702,2
187,9,2023-12-31T09:00:02.801708354,1704013200138,ask,42446.0,0.11792,1
188,9,2023-12-31T09:00:02.801708354,1704013200138,ask,42413.0,0.08842,1
189,9,2023-12-31T09:00:02.801708354,1704013200138,ask,42412.0,7.83894,2
190,9,2023-12-31T09:00:02.801708354,1704013200138,bid,42399.0,0.02948,1
191,9,2023-12-31T09:00:02.801708354,1704013200138,bid,42391.0,0.0028,1
192,9,2023-12-31T09:00:02.801708354,1704013200138,bid,42368.0,0.0061,1
193,9,2023-12-31T09:00:02.801708354,1704013200138,bid,42356.0,0.02951,1
194,9,2023-12-31T09:00:02.801708354,1704013200138,bid,42299.0,4.09161,1
195,9,2023-12-31T09:00:02.801708354,1704013200138,bid,42294.0,4.29387,2
196,9,2023-12-31T09:00:02.801708354,1704013200138,bid,42279.0,0.00374,1
197,9,2023-12-31T09:00:02.801708354,1704013200138,bid,42100.0,0.0282,1
198,9,2023-12-31T09:00:02.801708354,1704013200138,bid,42024.0,41.35219,2
199,9,2023-12-31T09:00:02.801708354,1704013200138,bid,41955.0,0.00222,1
200,10,2023-12-31T10:00:03.404724003,1704016800175,ask,42775.0,0.19485,2
201,10,2023-12-31T10:00:03.404724003,1704016800175,ask,42774.0,1.70526,1
202,10,2023-12-31T10:00:03.404724003,1704016800175,ask,42771.0,0.075,1
203,10,2023-12-31T10:00:03.404724003,1704016800175,ask,42767.0,0.04015,1
204,10,2023-12-31T10:00:03.404724003,1704016800175,ask,42766.0,3.54102,1
205,10,2023-12-31T10:00:03.404724003,1704016800175,ask,42763.0,1.81345,1
206,10,2023-12-31T10:00:03.404724003,1704016800175,ask,42761.0,0.13253,1
207,10,2023-12-31T10:00:03.404724003,1704016800175,ask,42760.0,0.03473,1
208,10,2023-12-31T10:00:03.404724003,1704016800175,ask,42755.0,10.21532,3
209,10,2023-12-31T10:00:03.404724003,1704016800175,ask,42754.0,0.02337,1
210,10,2023-12-31T10:00:03.404724003,1704016800175,bid,42744.0,3.22389,1
211,10,2023-12-31T10:00:03.404724003,1704016800175,bid,42730.0,3.42694,1
212,10,2023-12-31T10:00:03.404724003,1704016800175,bid,42725.0,3.78158,1
213,10,2023-12-31T10:00:03.404724003,1704016800175,bid,42715.0,0.0041,1
214,10,2023-12-31T10:00:03.404724003,1704016800175,bid,42713.0,3.56555,1
215,10,2023-12-31T10:00:03.404724003,1704016800175,bid,42704.0,0.11708,2
216,10,2023-12-31T10:00:03.404724003,1704016800175,bid,42703.0,0.11721,1
217,10,2023-12-31T10:00:03.404724003,1704016800175,bid,42698.0,0.0016,1
218,10,2023-12-31T10:00:03.404724003,1704016800175,bid,42681.0,3.74286,1
219,10,2023-12-31T10:00:03.404724003,1704016800175,bid,42673.0,3.7695,1
220,11,2023-12-31T11:00:00.794787594,1704020399543,ask,42687.0,3.7548,4
221,11,2023-12-31T11:00:00.794787594,1704020399543,ask,42686.0,0.00172,1
222,11,2023-12-31T11:00:00.794787594,1704020399543,ask,42682.0,0.0166,1
223,11,2023-12-31T11:00:00.794787594,1704020399543,ask,42681.0,3.47424,1
224,11,2023-12-31T11:00:00.794787594,1704020399543,ask,42679.0,3.82411,1
225,11,2023-12-31T11:00:00.794787594,1704020399543,ask,42675.0,0.02341,1
226,11,2023-12-31T11:00:00.794787594,1704020399543,ask,42673.0,7.41584,2
227,11,2023-12-31T11:00:00.794787594,1704020399543,ask,42642.0,3.45889,1
228,11,2023-12-31T11:00:00.794787594,1704020399543,ask,42638.0,3.57363,1
229,11,2023-12-31T11:00:00.794787594,1704020399543,ask,42631.0,0.0041,1
230,11,2023-12-31T11:00:00.794787594,1704020399543,bid,42630.0,0.00391,1
231,11,2023-12-31T11:00:00.794787594,1704020399543,bid,42628.0,0.11742,1
232,11,2023-12-31T11:00:00.794787594,1704020399543,bid,42614.0,0.09191,2
233,11,2023-12-31T11:00:00.794787594,1704020399543,bid,42613.0,0.02933,1
234,11,2023-12-31T11:00:00.794787594,1704020399543,bid,42612.0,0.002,1
235,11,2023-12-31T11:00:00.794787594,1704020399543,bid,42604.0,7.67016,2
236,11,2023-12-31T11:00:00.794787594,1704020399543,bid,42598.0,0.00391,1
237,11,2023-12-31T11:00:00.794787594,1704020399543,bid,42582.0,0.00391,1
238,11,2023-12-31T11:00:00.794787594,1704020399543,bid,42570.0,0.02936,1
239,11,2023-12-31T11:00:00.794787594,1704020399543,bid,42566.0,0.00391,1
240,12,2023-12-31T12:00:01.244832522,1704023999953,ask,42551.0,0.005,1
241,12,2023-12-31T12:00:01.244832522,1704023999953,ask,42548.0,0.005,1
242,12,2023-12-31T12:00:01.244832522,1704023999953,ask,42547.0,0.0753,2
243,12,2023-12-31T12:00:01.244832522,1704023999953,ask,42546.0,0.20133,2
244,12,2023-12-31T12:00:01.244832522,1704023999953,ask,42542.0,0.02349,1
245,12,2023-12-31T12:00:01.244832522,1704023999953,ask,42541.0,3.78697,2
246,12,2023-12-31T12:00:01.244832522,1704023999953,ask,42534.0,3.84376,1
247,12,2023-12-31T12:00:01.244832522,1704023999953,ask,42533.0,3.53401,1
248,12,2023-12-31T12:00:01.244832522,1704023999953,ask,42532.0,6.73382,2
249,12,2023-12-31T12:00:01.244832522,1704023999953,ask,42529.0,0.0054,1
250,12,2023-12-31T12:00:01.244832522,1704023999953,bid,42523.0,0.0027,1
251,12,2023-12-31T12:00:01.244832522,1704023999953,bid,42520.0,6.49271,2
252,12,2023-12-31T12:00:01.244832522,1704023999953,bid,42519.0,0.00391,1
253,12,2023-12-31T12:00:01.244832522,1704023999953,bid,42510.0,0.03493,1
254,12,2023-12-31T12:00:01.244832522,1704023999953,bid,42503.0,0.00391,1
255,12,2023-12-31T12:00:01.244832522,1704023999953,bid,42493.0,6.79365,2
256,12,2023-12-31T12:00:01.244832522,1704023999953,bid,42487.0,0.00391,1
257,12,2023-12-31T12:00:01.244832522,1704023999953,bid,42475.0,0.02943,1
258,12,2023-12-31T12:00:01.244832522,1704023999953,bid,42474.0,0.08829,1
259,12,2023-12-31T12:00:01.244832522,1704023999953,bid,42473.0,0.11784,1
260,13,2023-12-31T13:00:00.820836034,1704027599864,ask,42452.0,3.49613,2
261,13,2023-12-31T13:00:00.820836034,1704027599864,ask,42451.0,3.63953,5
262,13,2023-12-31T13:00:00.820836034,1704027599864,ask,42449.0,1.82426,1
263,13,2023-12-31T13:00:00.820836034,1704027599864,ask,42448.0,0.075,1
264,13,2023-12-31T13:00:00.820836034,1704027599864,ask,42447.0,3.52743,1
265,13,2023-12-31T13:00:00.820836034,1704027599864,ask,42445.0,3.56725,1
266,13,2023-12-31T13:00:00.820836034,1704027599864,ask,42444.0,0.0285,1
267,13,2023-12-31T13:00:00.820836034,1704027599864,ask,42442.0,6.63944,2
268,13,2023-12-31T13:00:00.820836034,1704027599864,ask,42436.0,0.02354,1
269,13,2023-12-31T13:00:00.820836034,1704027599864,ask,42433.0,7.22106,2
270,13,2023-12-31T13:00:00.820836034,1704027599864,bid,42426.0,0.0099,1
271,13,2023-12-31T13:00:00.820836034,1704027599864,bid,42406.0,0.11803,1
272,13,2023-12-31T13:00:00.820836034,1704027599864,bid,42402.0,3.1533,1
273,13,2023-12-31T13:00:00.820836034,1704027599864,bid,42400.0,0.08844,1
274,13,2023-12-31T13:00:00.820836034,1704027599864,bid,42399.0,3.58384,1
275,13,2023-12-31T13:00:00.820836034,1704027599864,bid,42377.0,0.0295,1
276,13,2023-12-31T13:00:00.820836034,1704027599864,bid,42376.0,0.13269,1
277,13,2023-12-31T13:00:00.820836034,1704027599864,bid,42366.0,0.0279,1
278,13,2023-12-31T13:00:00.820836034,1704027599864,bid,42359.0,0.00391,1
279,13,2023-12-31T13:00:00.820836034,1704027599864,bid,42358.0,8.41322,2
280,14,2023-12-31T14:00:03.076308840,1704031200021,ask,42489.0,0.00185,2
281,14,2023-12-31T14:00:03.076308840,1704031200021,ask,42488.0,2.03281,1
282,14,2023-12-31T14:00:03.076308840,1704031200021,ask,42483.0,2.03635,1
283,14,2023-12-31T14:00:03.076308840,1704031200021,ask,42482.0,0.00439,1
284,14,2023-12-31T14:00:03.076308840,1704031200021,ask,42481.0,3.35805,1
285,14,2023-12-31T14:00:03.076308840,1704031200021,ask,42475.0,3.64557,2
286,14,2023-12-31T14:00:03.076308840,1704031200021,ask,42474.0,7.19503,2
287,14,2023-12-31T14:00:03.076308840,1704031200021,ask,42470.0,0.02352,1
288,14,2023-12-31T14:00:03.076308840,1704031200021,ask,42465.0,4.06462,1
289,14,2023-12-31T14:00:03.076308840,1704031200021,ask,42445.0,4.0538,1
290,14,2023-12-31T14:00:03.076308840,1704031200021,bid,42443.0,3.48576,1
291,14,2023-12-31T14:00:03.076308840,1704031200021,bid,42439.0,0.0173,1
292,14,2023-12-31T14:00:03.076308840,1704031200021,bid,42429.0,0.11797,1
293,14,2023-12-31T14:00:03.076308840,1704031200021,bid,42398.0,0.08845,1
294,14,2023-12-31T14:00:03.076308840,1704031200021,bid,42397.0,7.72485,2
295,14,2023-12-31T14:00:03.076308840,1704031200021,bid,42391.0,0.02949,1
296,14,2023-12-31T14:00:03.076308840,1704031200021,bid,42376.0,0.13269,1
297,14,2023-12-31T14:00:03.076308840,1704031200021,bid,42359.0,0.00391,1
298,14,2023-12-31T14:00:03.076308840,1704031200021,bid,42350.0,0.13269,1
299,14,2023-12-31T14:00:03.076308840,1704031200021,bid,42348.0,0.02952,1
300,15,2023-12-31T15:00:02.959738028,1704034800243,ask,42561.0,0.23457,1
301,15,2023-12-31T15:00:02.959738028,1704034800243,ask,42558.0,3.79517,3
302,15,2023-12-31T15:00:02.959738028,1704034800243,ask,42557.0,0.27633,3
303,15,2023-12-31T15:00:02.959738028,1704034800243,ask,42553.0,3.65445,1
304,15,2023-12-31T15:00:02.959738028,1704034800243,ask,42551.0,3.52069,1
305,15,2023-12-31T15:00:02.959738028,1704034800243,ask,42543.0,4.15405,1
306,15,2023-12-31T15:00:02.959738028,1704034800243,ask,42542.0,3.89511,1
307,15,2023-12-31T15:00:02.959738028,1704034800243,ask,42536.0,0.02349,1
308,15,2023-12-31T15:00:02.959738028,1704034800243,ask,42513.0,7.83651,2
309,15,2023-12-31T15:00:02.959738028,1704034800243,ask,42508.0,0.11775,1
310,15,2023-12-31T15:00:02.959738028,1704034800243,bid,42505.0,0.0065,1
311,15,2023-12-31T15:00:02.959738028,1704034800243,bid,42468.0,0.0883,1
312,15,2023-12-31T15:00:02.959738028,1704034800243,bid,42467.0,0.02943,1
313,15,2023-12-31T15:00:02.959738028,1704034800243,bid,42466.0,0.0076,1
314,15,2023-12-31T15:00:02.959738028,1704034800243,bid,42460.0,7.85556,2
315,15,2023-12-31T15:00:02.959738028,1704034800243,bid,42424.0,0.02946,1
316,15,2023-12-31T15:00:02.959738028,1704034800243,bid,42394.0,0.13269,1
317,15,2023-12-31T15:00:02.959738028,1704034800243,bid,42391.0,0.03767,1
318,15,2023-12-31T15:00:02.959738028,1704034800243,bid,42384.0,3.88454,1
319,15,2023-12-31T15:00:02.959738028,1704034800243,bid,42376.0,0.13269,1
320,16,2023-12-31T16:00:00.878227631,1704038399483,ask,42491.0,0.0115,1
321,16,2023-12-31T16:00:00.878227631,1704038399483,ask,42490.0,3.965,2
322,16,2023-12-31T16:00:00.878227631,1704038399483,ask,42488.0,0.20133,2
323,16,2023-12-31T16:00:00.878227631,1704038399483,ask,42486.0,0.03722,1
324,16,2023-12-31T16:00:00.878227631,1704038399483,ask,42485.0,7.33177,2
325,16,2023-12-31T16:00:00.878227631,1704038399483,ask,42476.0,7.66981,2
326,16,2023-12-31T16:00:00.878227631,1704038399483,ask,42471.0,0.02352,1
327,16,2023-12-31T16:00:00.878227631,1704038399483,ask,42451.0,7.80031,2
328,16,2023-12-31T16:00:00.878227631,1704038399483,ask,42450.0,0.11791,1
329,16,2023-12-31T16:00:00.878227631,1704038399483,ask,42422.0,0.0082,1
330,16,2023-12-31T16:00:00.878227631,1704038399483,bid,42420.0,0.03502,1
331,16,2023-12-31T16:00:00.878227631,1704038399483,bid,42410.0,8.06289,4
332,16,2023-12-31T16:00:00.878227631,1704038399483,bid,42409.0,0.0226,1
333,16,2023-12-31T16:00:00.878227631,1704038399483,bid,42394.0,0.13269,1
334,16,2023-12-31T16:00:00.878227631,1704038399483,bid,42391.0,0.03767,1
335,16,2023-12-31T16:00:00.878227631,1704038399483,bid,42376.0,0.13269,1
336,16,2023-12-31T16:00:00.878227631,1704038399483,bid,42367.0,0.0295,1
337,16,2023-12-31T16:00:00.878227631,1704038399483,bid,42359.0,0.00391,1
338,16,2023-12-31T16:00:00.878227631,1704038399483,bid,42343.0,0.00391,1
339,16,2023-12-31T16:00:00.878227631,1704038399483,bid,42327.0,0.00391,1
340,17,2023-12-31T17:00:01.159078311,1704041999588,ask,42626.0,0.11578,1
341,17,2023-12-31T17:00:01.159078311,1704041999588,ask,42625.0,0.12282,1
342,17,2023-12-31T17:00:01.159078311,1704041999588,ask,42624.0,4.02399,3
343,17,2023-12-31T17:00:01.159078311,1704041999588,ask,42623.0,0.17828,1
344,17,2023-12-31T17:00:01.159078311,1704041999588,ask,42617.0,7.8001,2
345,17,2023-12-31T17:00:01.159078311,1704041999588,ask,42602.0,7.95091,3
346,17,2023-12-31T17:00:01.159078311,1704041999588,ask,42592.0,0.02345,1
347,17,2023-12-31T17:00:01.159078311,1704041999588,ask,42577.0,0.0022,1
348,17,2023-12-31T17:00:01.159078311,1704041999588,ask,42575.0,3.51005,1
349,17,2023-12-31T17:00:01.159078311,1704041999588,ask,42574.0,4.09773,1
350,17,2023-12-31T17:00:01.159078311,1704041999588,bid,42572.0,0.0026,1
351,17,2023-12-31T17:00:01.159078311,1704041999588,bid,42563.0,0.1176,1
352,17,2023-12-31T17:00:01.159078311,1704041999588,bid,42532.0,0.1035,2
353,17,2023-12-31T17:00:01.159078311,1704041999588,bid,42529.0,4.15312,1
354,17,2023-12-31T17:00:01.159078311,1704041999588,bid,42524.0,0.0294,1
355,17,2023-12-31T17:00:01.159078311,1704041999588,bid,42523.0,4.33998,1
356,17,2023-12-31T17:00:01.159078311,1704041999588,bid,42481.0,0.02942,1
357,17,2023-12-31T17:00:01.159078311,1704041999588,bid,42427.0,3.63265,1
358,17,2023-12-31T17:00:01.159078311,1704041999588,bid,42420.0,0.03502,1
359,17,2023-12-31T17:00:01.159078311,1704041999588,bid,42414.0,4.40283,1
360,18,2023-12-31T18:00:00.805855014,1704045599555,ask,42646.0,3.95558,2
361,18,2023-12-31T18:00:00.805855014,1704045599555,ask,42640.0,8.21664,2
362,18,2023-12-31T18:00:00.805855014,1704045599555,ask,42633.0,0.28908,2
363,18,2023-12-31T18:00:00.805855014,1704045599555,ask,42632.0,3.56639,1
364,18,2023-12-31T18:00:00.805855014,1704045599555,ask,42628.0,4.14743,1
365,18,2023-12-31T18:00:00.805855014,1704045599555,ask,42624.0,0.02343,1
366,18,2023-12-31T18:00:00.805855014,1704045599555,ask,42619.0,0.0023,1
367,18,2023-12-31T18:00:00.805855014,1704045599555,ask,42609.0,7.11268,2
368,18,2023-12-31T18:00:00.805855014,1704045599555,ask,42600.0,0.0055,1
369,18,2023-12-31T18:00:00.805855014,1704045599555,ask,42590.0,0.11752,1
370,18,2023-12-31T18:00:00.805855014,1704045599555,bid,42556.0,0.08812,1
371,18,2023-12-31T18:00:00.805855014,1704045599555,bid,42555.0,0.02937,1
372,18,2023-12-31T18:00:00.805855014,1704045599555,bid,42554.0,4.06673,1
373,18,2023-12-31T18:00:00.805855014,1704045599555,bid,42552.0,3.73842,1
374,18,2023-12-31T18:00:00.805855014,1704045599555,bid,42546.0,0.0004,1
375,18,2023-12-31T18:00:00.805855014,1704045599555,bid,42512.0,0.0294,1
376,18,2023-12-31T18:00:00.805855014,1704045599555,bid,42465.0,3.68976,1
377,18,2023-12-31T18:00:00.805855014,1704045599555,bid,42440.0,4.36964,1
378,18,2023-12-31T18:00:00.805855014,1704045599555,bid,42420.0,0.03502,1
379,18,2023-12-31T18:00:00.805855014,1704045599555,bid,42394.0,0.13269,1
380,19,2023-12-31T19:00:00.735861639,1704049199848,ask,42692.0,0.01129,1
381,19,2023-12-31T19:00:00.735861639,1704049199848,ask,42691.0,0.0134,1
382,19,2023-12-31T19:00:00.735861639,1704049199848,ask,42690.0,7.89083,4
383,19,2023-12-31T19:00:00.735861639,1704049199848,ask,42680.0,7.06636,2
384,19,2023-12-31T19:00:00.735861639,1704049199848,ask,42663.0,0.02341,1
385,19,2023-12-31T19:00:00.735861639,1704049199848,ask,42659.0,0.0024,1
386,19,2023-12-31T19:00:00.735861639,1704049199848,ask,42657.0,0.0049,1
387,19,2023-12-31T19:00:00.735861639,1704049199848,ask,42653.0,4.01365,1
388,19,2023-12-31T19:00:00.735861639,1704049199848,ask,42652.0,3.73766,1
389,19,2023-12-31T19:00:00.735861639,1704049199848,ask,42618.0,0.02933,1
390,19,2023-12-31T19:00:00.735861639,1704049199848,bid,42617.0,0.08799,1
391,19,2023-12-31T19:00:00.735861639,1704049199848,bid,42616.0,0.11745,1
392,19,2023-12-31T19:00:00.735861639,1704049199848,bid,42606.0,4.35626,1
393,19,2023-12-31T19:00:00.735861639,1704049199848,bid,42593.0,3.68862,1
394,19,2023-12-31T19:00:00.735861639,1704049199848,bid,42575.0,0.02936,1
395,19,2023-12-31T19:00:00.735861639,1704049199848,bid,42520.0,0.23518,1
396,19,2023-12-31T19:00:00.735861639,1704049199848,bid,42492.0,3.81695,1
397,19,2023-12-31T19:00:00.735861639,1704049199848,bid,42491.0,3.73237,1
398,19,2023-12-31T19:00:00.735861639,1704049199848,bid,42420.0,0.03502,1
399,19,2023-12-31T19:00:00.735861639,1704049199848,bid,42407.0,0.14526,1
400,20,2023-12-31T20:00:03.431577796,1704052800001,ask,42661.0,0.075,1
401,20,2023-12-31T20:00:03.431577796,1704052800001,ask,42660.0,3.86497,2
402,20,2023-12-31T20:00:03.431577796,1704052800001,ask,42659.0,0.17828,1
403,20,2023-12-31T20:00:03.431577796,1704052800001,ask,42658.0,3.9629,2
404,20,2023-12-31T20:00:03.431577796,1704052800001,ask,42654.0,0.04565,1
405,20,2023-12-31T20:00:03.431577796,1704052800001,ask,42653.0,0.14585,1
406,20,2023-12-31T20:00:03.431577796,1704052800001,ask,42652.0,7.8837,2
407,20,2023-12-31T20:00:03.431577796,1704052800001,ask,42643.0,8.46805,2
408,20,2023-12-31T20:00:03.431577796,1704052800001,ask,42642.0,0.0028,1
409,20,2023-12-31T20:00:03.431577796,1704052800001,ask,42621.0,3.59023,1
410,20,2023-12-31T20:00:03.431577796,1704052800001,bid,42616.0,4.32021,1
411,20,2023-12-31T20:00:03.431577796,1704052800001,bid,42604.0,0.0058,1
412,20,2023-12-31T20:00:03.431577796,1704052800001,bid,42596.0,0.1175,1
413,20,2023-12-31T20:00:03.431577796,1704052800001,bid,42579.0,4.07003,1
414,20,2023-12-31T20:00:03.431577796,1704052800001,bid,42572.0,3.98622,1
415,20,2023-12-31T20:00:03.431577796,1704052800001,bid,42560.0,0.11748,2
416,20,2023-12-31T20:00:03.431577796,1704052800001,bid,42520.0,0.23518,1
417,20,2023-12-31T20:00:03.431577796,1704052800001,bid,42517.0,0.0294,1
418,20,2023-12-31T20:00:03.431577796,1704052800001,bid,42496.0,4.35142,1
419,20,2023-12-31T20:00:03.431577796,1704052800001,bid,42492.0,3.94429,1
420,21,2023-12-31T21:00:03.445466404,1704056401097,ask,42602.0,0.04,1
421,21,2023-12-31T21:00:03.445466404,1704056401097,ask,42601.0,0.0461,1
422,21,2023-12-31T21:00:03.445466404,1704056401097,ask,42598.0,0.075,1
423,21,2023-12-31T21:00:03.445466404,1704056401097,ask,42593.0,4.08708,2
424,21,2023-12-31T21:00:03.445466404,1704056401097,ask,42589.0,0.25602,1
425,21,2023-12-31T21:00:03.445466404,1704056401097,ask,42588.0,8.06161,3
426,21,2023-12-31T21:00:03.445466404,1704056401097,ask,42578.0,8.56046,2
427,21,2023-12-31T21:00:03.445466404,1704056401097,ask,42571.0,0.0093,1
428,21,2023-12-31T21:00:03.445466404,1704056401097,ask,42564.0,0.03815,1
429,21,2023-12-31T21:00:03.445466404,1704056401097,ask,42555.0,0.03815,1
430,21,2023-12-31T21:00:03.445466404,1704056401097,bid,42547.0,8.4022,2
431,21,2023-12-31T21:00:03.445466404,1704056401097,bid,42546.0,0.03815,1
432,21,2023-12-31T21:00:03.445466404,1704056401097,bid,42542.0,0.11765,1
433,21,2023-12-31T21:00:03.445466404,1704056401097,bid,42539.0,0.008,1
434,21,2023-12-31T21:00:03.445466404,1704056401097,bid,42538.0,0.03815,1
435,21,2023-12-31T21:00:03.445466404,1704056401097,bid,42529.0,0.03815,1
436,21,2023-12-31T21:00:03.445466404,1704056401097,bid,42521.0,0.03815,1
437,21,2023-12-31T21:00:03.445466404,1704056401097,bid,42520.0,0.23518,1
438,21,2023-12-31T21:00:03.445466404,1704056401097,bid,42512.0,0.03815,1
439,21,2023-12-31T21:00:03.445466404,1704056401097,bid,42508.0,4.04898,1
440,22,2023-12-31T22:00:00.846626981,1704059999626,ask,42572.0,0.00094,1
441,22,2023-12-31T22:00:00.846626981,1704059999626,ask,42564.0,0.04575,2
442,22,2023-12-31T22:00:00.846626981,1704059999626,ask,42562.0,4.1432,2
443,22,2023-12-31T22:00:00.846626981,1704059999626,ask,42555.0,7.96588,3
444,22,2023-12-31T22:00:00.846626981,1704059999626,ask,42552.0,0.15973,1
445,22,2023-12-31T22:00:00.846626981,1704059999626,ask,42551.0,7.98296,2
446,22,2023-12-31T22:00:00.846626981,1704059999626,ask,42549.0,0.15024,1
447,22,2023-12-31T22:00:00.846626981,1704059999626,ask,42548.0,0.02348,1
448,22,2023-12-31T22:00:00.846626981,1704059999626,ask,42546.0,0.03815,1
449,22,2023-12-31T22:00:00.846626981,1704059999626,ask,42538.0,0.03815,1
450,22,2023-12-31T22:00:00.846626981,1704059999626,bid,42537.0,0.0118,1
451,22,2023-12-31T22:00:00.846626981,1704059999626,bid,42529.0,0.03815,1
452,22,2023-12-31T22:00:00.846626981,1704059999626,bid,42528.0,3.78079,1
453,22,2023-12-31T22:00:00.846626981,1704059999626,bid,42526.0,4.18879,1
454,22,2023-12-31T22:00:00.846626981,1704059999626,bid,42521.0,0.03815,1
455,22,2023-12-31T22:00:00.846626981,1704059999626,bid,42520.0,0.35289,2
456,22,2023-12-31T22:00:00.846626981,1704059999626,bid,42512.0,0.03815,1
457,22,2023-12-31T22:00:00.846626981,1704059999626,bid,42503.0,0.03815,1
458,22,2023-12-31T22:00:00.846626981,1704059999626,bid,42497.0,3.82762,1
459,22,2023-12-31T22:00:00.846626981,1704059999626,bid,42495.0,0.03815,1
460,23,2023-12-31T23:00:00.924101942,1704063599696,ask,42293.0,4.13997,5
461,23,2023-12-31T23:00:00.924101942,1704063599696,ask,42292.0,1.89798,1
462,23,2023-12-31T23:00:00.924101942,1704063599696,ask,42286.0,7.48697,2
463,23,2023-12-31T23:00:00.924101942,1704063599696,ask,42276.0,4.14106,1
464,23,2023-12-31T23:00:00.924101942,1704063599696,ask,42275.0,4.21539,1
465,23,2023-12-31T23:00:00.924101942,1704063599696,ask,42261.0,0.0189,1
466,23,2023-12-31T23:00:00.924101942,1704063599696,ask,42258.0,0.0062,1
467,23,2023-12-31T23:00:00.924101942,1704063599696,ask,42249.0,3.5193,1
468,23,2023-12-31T23:00:00.924101942,1704063599696,ask,42240.0,3.67317,1
469,23,2023-12-31T23:00:00.924101942,1704063599696,ask,42239.0,0.1185,1
470,23,2023-12-31T23:00:00.924101942,1704063599696,bid,42234.0,0.08879,1
471,23,2023-12-31T23:00:00.924101942,1704063599696,bid,42211.0,0.02961,1
472,23,2023-12-31T23:00:00.924101942,1704063599696,bid,42205.0,4.36336,1
473,23,2023-12-31T23:00:00.924101942,1704063599696,bid,42189.0,3.88874,1
474,23,2023-12-31T23:00:00.924101942,1704063599696,bid,42168.0,0.02964,1
475,23,2023-12-31T23:00:00.924101942,1704063599696,bid,42121.0,0.04837,1
476,23,2023-12-31T23:00:00.924101942,1704063599696,bid,42119.0,3.82883,1
477,23,2023-12-31T23:00:00.924101942,1704063599696,bid,42115.0,3.94072,1
478,23,2023-12-31T23:00:00.924101942,1704063599696,bid,42100.0,0.0282,1
479,23,2023-12-31T23:00:00.924101942,1704063599696,bid,42093.0,0.13269,1
480,24,2024-01-01T00:00:05.449920789,1704067204224,ask,42327.0,0.02362,1
481,24,2024-01-01T00:00:05.449920789,1704067204224,ask,42326.0,0.18494,2
482,24,2024-01-01T00:00:05.449920789,1704067204224,ask,42320.0,0.11896,1
483,24,2024-01-01T00:00:05.449920789,1704067204224,ask,42314.0,0.15113,1
484,24,2024-01-01T00:00:05.449920789,1704067204224,ask,42309.0,4.04059,2
485,24,2024-01-01T00:00:05.449920789,1704067204224,ask,42305.0,3.6473,1
486,24,2024-01-01T00:00:05.449920789,1704067204224,ask,42302.0,4.32075,1
487,24,2024-01-01T00:00:05.449920789,1704067204224,ask,42289.0,7.45421,2
488,24,2024-01-01T00:00:05.449920789,1704067204224,ask,42273.0,0.1184,1
489,24,2024-01-01T00:00:05.449920789,1704067204224,ask,42268.0,7.71116,2
490,24,2024-01-01T00:00:05.449920789,1704067204224,bid,42259.0,0.08874,1
491,24,2024-01-01T00:00:05.449920789,1704067204224,bid,42248.0,0.02959,1
492,24,2024-01-01T00:00:05.449920789,1704067204224,bid,42247.0,0.0062,1
493,24,2024-01-01T00:00:05.449920789,1704067204224,bid,42223.0,0.0067,1
494,24,2024-01-01T00:00:05.449920789,1704067204224,bid,42222.0,7.94379,2
495,24,2024-01-01T00:00:05.449920789,1704067204224,bid,42205.0,0.02962,1
496,24,2024-01-01T00:00:05.449920789,1704067204224,bid,42189.0,0.71108,1
497,24,2024-01-01T00:00:05.449920789,1704067204224,bid,42123.0,7.61097,2
498,24,2024-01-01T00:00:05.449920789,1704067204224,bid,42100.0,0.0282,1
499,24,2024-01-01T00:00:05.449920789,1704067204224,bid,42076.0,0.05963,1
500,25,2024-01-01T01:00:02.786136943,1704070800455,ask,42505.0,0.02574,2
501,25,2024-01-01T01:00:02.786136943,1704070800455,ask,42499.0,0.18532,1
502,25,2024-01-01T01:00:02.786136943,1704070800455,ask,42498.0,0.15055,1
503,25,2024-01-01T01:00:02.786136943,1704070800455,ask,42497.0,0.02351,1
504,25,2024-01-01T01:00:02.786136943,1704070800455,ask,42496.0,4.08817,2
505,25,2024-01-01T01:00:02.786136943,1704070800455,ask,42488.0,8.37039,2
506,25,2024-01-01T01:00:02.786136943,1704070800455,ask,42486.0,4.21772,1
507,25,2024-01-01T01:00:02.786136943,1704070800455,ask,42478.0,8.1495,2
508,25,2024-01-01T01:00:02.786136943,1704070800455,ask,42469.0,0.0047,1
509,25,2024-01-01T01:00:02.786136943,1704070800455,ask,42468.0,0.11786,1
510,25,2024-01-01T01:00:02.786136943,1704070800455,bid,42461.0,0.02944,1
511,25,2024-01-01T01:00:02.786136943,1704070800455,bid,42460.0,3.7478,1
512,25,2024-01-01T01:00:02.786136943,1704070800455,bid,42453.0,0.0027,1
513,25,2024-01-01T01:00:02.786136943,1704070800455,bid,42447.0,8.46226,2
514,25,2024-01-01T01:00:02.786136943,1704070800455,bid,42419.0,0.0884,1
515,25,2024-01-01T01:00:02.786136943,1704070800455,bid,42418.0,0.02947,1
516,25,2024-01-01T01:00:02.786136943,1704070800455,bid,42415.0,8.38829,2
517,25,2024-01-01T01:00:02.786136943,1704070800455,bid,42290.0,8.34599,2
518,25,2024-01-01T01:00:02.786136943,1704070800455,bid,42201.0,0.04415,1
519,25,2024-01-01T01:00:02.786136943,1704070800455,bid,42189.0,0.71108,1
520,26,2024-01-01T02:00:02.559099979,1704074400555,ask,42659.0,0.12285,2
521,26,2024-01-01T02:00:02.559099979,1704074400555,ask,42649.0,0.01839,1
522,26,2024-01-01T02:00:02.559099979,1704074400555,ask,42645.0,0.06779,1
523,26,2024-01-01T02:00:02.559099979,1704074400555,ask,42639.0,0.0041,1
524,26,2024-01-01T02:00:02.559099979,1704074400555,ask,42638.0,2.05027,1
525,26,2024-01-01T02:00:02.559099979,1704074400555,ask,42637.0,1.92933,1
526,26,2024-01-01T02:00:02.559099979,1704074400555,ask,42630.0,8.02379,2
527,26,2024-01-01T02:00:02.559099979,1704074400555,ask,42629.0,7.65693,2
528,26,2024-01-01T02:00:02.559099979,1704074400555,ask,42625.0,0.0022,1
529,26,2024-01-01T02:00:02.559099979,1704074400555,ask,42617.0,8.15537,2
530,26,2024-01-01T02:00:02.559099979,1704074400555,bid,42600.0,8.04618,2
531,26,2024-01-01T02:00:02.559099979,1704074400555,bid,42595.0,0.11751,1
532,26,2024-01-01T02:00:02.559099979,1704074400555,bid,42586.0,7.86467,2
533,26,2024-01-01T02:00:02.559099979,1704074400555,bid,42554.0,0.08812,1
534,26,2024-01-01T02:00:02.559099979,1704074400555,bid,42553.0,0.02938,1
535,26,2024-01-01T02:00:02.559099979,1704074400555,bid,42552.0,8.18631,2
536,26,2024-01-01T02:00:02.559099979,1704074400555,bid,42510.0,0.0294,1
537,26,2024-01-01T02:00:02.559099979,1704074400555,bid,42453.0,7.94392,2
538,26,2024-01-01T02:00:02.559099979,1704074400555,bid,42257.0,18.87865,1
539,26,2024-01-01T02:00:02.559099979,1704074400555,bid,42256.0,18.77884,1
540,27,2024-01-01T03:00:00.859560976,1704077999594,ask,42625.0,0.20133,2
541,27,2024-01-01T03:00:00.859560976,1704077999594,ask,42623.0,4.13327,2
542,27,2024-01-01T03:00:00.859560976,1704077999594,ask,42622.0,0.075,1
543,27,2024-01-01T03:00:00.859560976,1704077999594,ask,42619.0,7.6346,2
544,27,2024-01-01T03:00:00.859560976,1704077999594,ask,42614.0,0.089,1
545,27,2024-01-01T03:00:00.859560976,1704077999594,ask,42613.0,0.02345,1
546,27,2024-01-01T03:00:00.859560976,1704077999594,ask,42610.0,0.14999,1
547,27,2024-01-01T03:00:00.859560976,1704077999594,ask,42609.0,3.73671,1
548,27,2024-01-01T03:00:00.859560976,1704077999594,ask,42608.0,3.59527,1
549,27,2024-01-01T03:00:00.859560976,1704077999594,ask,42572.0,8.00957,2
550,27,2024-01-01T03:00:00.859560976,1704077999594,bid,42566.0,0.11759,1
551,27,2024-01-01T03:00:00.859560976,1704077999594,bid,42533.0,0.08817,1
552,27,2024-01-01T03:00:00.859560976,1704077999594,bid,42527.0,3.89914,1
553,27,2024-01-01T03:00:00.859560976,1704077999594,bid,42524.0,0.0294,1
554,27,2024-01-01T03:00:00.859560976,1704077999594,bid,42515.0,0.0072,1
555,27,2024-01-01T03:00:00.859560976,1704077999594,bid,42513.0,4.07705,2
556,27,2024-01-01T03:00:00.859560976,1704077999594,bid,42481.0,0.02942,1
557,27,2024-01-01T03:00:00.859560976,1704077999594,bid,42399.0,3.98626,1
558,27,2024-01-01T03:00:00.859560976,1704077999594,bid,42398.0,3.65626,1
559,27,2024-01-01T03:00:00.859560976,1704077999594,bid,42350.0,0.28391,1
560,28,2024-01-01T04:00:01.054334414,1704081599911,ask,42372.0,0.25404,3
561,28,2024-01-01T04:00:01.054334414,1704081599911,ask,42366.0,0.02359,1
562,28,2024-01-01T04:00:01.054334414,1704081599911,ask,42365.0,3.94074,2
563,28,2024-01-01T04:00:01.054334414,1704081599911,ask,42357.0,8.59546,2
564,28,2024-01-01T04:00:01.054334414,1704081599911,ask,42356.0,0.30227,1
565,28,2024-01-01T04:00:01.054334414,1704081599911,ask,42355.0,0.15098,1
566,28,2024-01-01T04:00:01.054334414,1704081599911,ask,42354.0,4.26256,1
567,28,2024-01-01T04:00:01.054334414,1704081599911,ask,42353.0,3.76535,1
568,28,2024-01-01T04:00:01.054334414,1704081599911,ask,42350.0,0.07362,1
569,28,2024-01-01T04:00:01.054334414,1704081599911,ask,42347.0,7.88047,2
570,28,2024-01-01T04:00:01.054334414,1704081599911,bid,42326.0,7.905,2
571,28,2024-01-01T04:00:01.054334414,1704081599911,bid,42325.0,0.11826,1
572,28,2024-01-01T04:00:01.054334414,1704081599911,bid,42320.0,0.0062,1
573,28,2024-01-01T04:00:01.054334414,1704081599911,bid,42300.0,0.1182,2
574,28,2024-01-01T04:00:01.054334414,1704081599911,bid,42282.0,4.35629,1
575,28,2024-01-01T04:00:01.054334414,1704081599911,bid,42274.0,0.0329,1
576,28,2024-01-01T04:00:01.054334414,1704081599911,bid,42270.0,3.84278,1
577,28,2024-01-01T04:00:01.054334414,1704081599911,bid,42257.0,0.02958,1
578,28,2024-01-01T04:00:01.054334414,1704081599911,bid,42201.0,0.04415,1
579,28,2024-01-01T04:00:01.054334414,1704081599911,bid,42189.0,0.71108,1
580,29,2024-01-01T05:00:01.099937035,1704085199904,ask,42441.0,1.827,1
581,29,2024-01-01T05:00:01.099937035,1704085199904,ask,42438.0,0.075,1
582,29,2024-01-01T05:00:01.099937035,1704085199904,ask,42437.0,0.06766,2
583,29,2024-01-01T05:00:01.099937035,1704085199904,ask,42436.0,5.9596,3
584,29,2024-01-01T05:00:01.099937035,1704085199904,ask,42434.0,4.1462,1
585,29,2024-01-01T05:00:01.099937035,1704085199904,ask,42431.0,0.297,1
586,29,2024-01-01T05:00:01.099937035,1704085199904,ask,42430.0,0.0548,1
587,29,2024-01-01T05:00:01.099937035,1704085199904,ask,42428.0,12.38248,3
588,29,2024-01-01T05:00:01.099937035,1704085199904,ask,42423.0,8.21333,2
589,29,2024-01-01T05:00:01.099937035,1704085199904,ask,42414.0,7.9378,2
590,29,2024-01-01T05:00:01.099937035,1704085199904,bid,42402.0,0.0065,1
591,29,2024-01-01T05:00:01.099937035,1704085199904,bid,42389.0,0.0062,1
592,29,2024-01-01T05:00:01.099937035,1704085199904,bid,42386.0,8.20984,2
593,29,2024-01-01T05:00:01.099937035,1704085199904,bid,42378.0,0.08849,1
594,29,2024-01-01T05:00:01.099937035,1704085199904,bid,42377.0,0.11811,1
595,29,2024-01-01T05:00:01.099937035,1704085199904,bid,42350.0,0.02952,1
596,29,2024-01-01T05:00:01.099937035,1704085199904,bid,42347.0,3.74913,1
597,29,2024-01-01T05:00:01.099937035,1704085199904,bid,42336.0,4.38954,1
598,29,2024-01-01T05:00:01.099937035,1704085199904,bid,42328.0,0.00118,1
599,29,2024-01-01T05:00:01.099937035,1704085199904,bid,42307.0,0.02955,1
600,30,2024-01-01T06:00:00.849319580,1704088799672,ask,42281.0,0.00186,2
601,30,2024-01-01T06:00:00.849319580,1704088799672,ask,42280.0,4.35929,4
602,30,2024-01-01T06:00:00.849319580,1704088799672,ask,42273.0,8.618,2
603,30,2024-01-01T06:00:00.849319580,1704088799672,ask,42272.0,0.06356,1
604,30,2024-01-01T06:00:00.849319580,1704088799672,ask,42270.0,0.02365,1
605,30,2024-01-01T06:00:00.849319580,1704088799672,ask,42262.0,0.15127,1
606,30,2024-01-01T06:00:00.849319580,1704088799672,ask,42261.0,8.14681,2
607,30,2024-01-01T06:00:00.849319580,1704088799672,ask,42231.0,4.3989,1
608,30,2024-01-01T06:00:00.849319580,1704088799672,ask,42225.0,4.18166,1
609,30,2024-01-01T06:00:00.849319580,1704088799672,ask,42219.0,0.11855,1
610,30,2024-01-01T06:00:00.849319580,1704088799672,bid,42211.0,0.08884,1
611,30,2024-01-01T06:00:00.849319580,1704088799672,bid,42210.0,1.0,1
612,30,2024-01-01T06:00:00.849319580,1704088799672,bid,42202.0,0.0062,1
613,30,2024-01-01T06:00:00.849319580,1704088799672,bid,42201.0,0.04415,1
614,30,2024-01-01T06:00:00.849319580,1704088799672,bid,42190.0,0.02963,1
615,30,2024-01-01T06:00:00.849319580,1704088799672,bid,42189.0,0.71108,1
616,30,2024-01-01T06:00:00.849319580,1704088799672,bid,42172.0,4.14825,1
617,30,2024-01-01T06:00:00.849319580,1704088799672,bid,42163.0,4.34895,1
618,30,2024-01-01T06:00:00.849319580,1704088799672,bid,42150.0,1.0,1
619,30,2024-01-01T06:00:00.849319580,1704088799672,bid,42147.0,0.02966,1
620,31,2024-01-01T07:00:01.151642467,1704092399962,ask,42440.0,0.10124,2
621,31,2024-01-01T07:00:01.151642467,1704092399962,ask,42433.0,3.97027,2
622,31,2024-01-01T07:00:01.151642467,1704092399962,ask,42427.0,0.05893,1
623,31,2024-01-01T07:00:01.151642467,1704092399962,ask,42426.0,7.85571,2
624,31,2024-01-01T07:00:01.151642467,1704092399962,ask,42418.0,0.14742,1
625,31,2024-01-01T07:00:01.151642467,1704092399962,ask,42417.0,0.02356,1
626,31,2024-01-01T07:00:01.151642467,1704092399962,ask,42415.0,7.37702,2
627,31,2024-01-01T07:00:01.151642467,1704092399962,ask,42404.0,0.0062,1
628,31,2024-01-01T07:00:01.151642467,1704092399962,ask,42391.0,0.0166,1
629,31,2024-01-01T07:00:01.151642467,1704092399962,ask,42385.0,8.44839,2
630,31,2024-01-01T07:00:01.151642467,1704092399962,bid,42381.0,0.1181,1
631,31,2024-01-01T07:00:01.151642467,1704092399962,bid,42354.0,0.08854,1
632,31,2024-01-01T07:00:01.151642467,1704092399962,bid,42353.0,7.96822,2
633,31,2024-01-01T07:00:01.151642467,1704092399962,bid,42349.0,0.02952,1
634,31,2024-01-01T07:00:01.151642467,1704092399962,bid,42306.0,0.02955,1
635,31,2024-01-01T07:00:01.151642467,1704092399962,bid,42270.0,0.13341,1
636,31,2024-01-01T07:00:01.151642467,1704092399962,bid,42247.0,3.94276,1
637,31,2024-01-01T07:00:01.151642467,1704092399962,bid,42233.0,3.79837,1
638,31,2024-01-01T07:00:01.151642467,1704092399962,bid,42210.0,1.0,1
639,31,2024-01-01T07:00:01.151642467,1704092399962,bid,42201.0,0.04415,1
640,32,2024-01-01T08:00:03.270591824,1704096000467,ask,42542.0,0.00118,1
641,32,2024-01-01T08:00:03.270591824,1704096000467,ask,42539.0,2.22642,2
642,32,2024-01-01T08:00:03.270591824,1704096000467,ask,42532.0,3.66837,1
643,32,2024-01-01T08:00:03.270591824,1704096000467,ask,42527.0,0.30248,2
644,32,2024-01-01T08:00:03.270591824,1704096000467,ask,42526.0,1.86765,1
645,32,2024-01-01T08:00:03.270591824,1704096000467,ask,42518.0,3.69424,1
646,32,2024-01-01T08:00:03.270591824,1704096000467,ask,42508.0,8.1157,2
647,32,2024-01-01T08:00:03.270591824,1704096000467,ask,42495.0,4.00623,1
648,32,2024-01-01T08:00:03.270591824,1704096000467,ask,42479.0,0.11783,1
649,32,2024-01-01T08:00:03.270591824,1704096000467,ask,42478.0,0.0062,1
650,32,2024-01-01T08:00:03.270591824,1704096000467,bid,42477.0,7.97723,2
651,32,2024-01-01T08:00:03.270591824,1704096000467,bid,42455.0,0.02944,1
652,32,2024-01-01T08:00:03.270591824,1704096000467,bid,42454.0,0.08833,1
653,32,2024-01-01T08:00:03.270591824,1704096000467,bid,42453.0,0.0071,1
654,32,2024-01-01T08:00:03.270591824,1704096000467,bid,42436.0,8.18529,2
655,32,2024-01-01T08:00:03.270591824,1704096000467,bid,42412.0,0.02947,1
656,32,2024-01-01T08:00:03.270591824,1704096000467,bid,42329.0,4.1241,1
657,32,2024-01-01T08:00:03.270591824,1704096000467,bid,42317.0,4.06282,1
658,32,2024-01-01T08:00:03.270591824,1704096000467,bid,42270.0,0.13341,1
659,32,2024-01-01T08:00:03.270591824,1704096000467,bid,42210.0,1.0,1
660,33,2024-01-01T09:00:00.657926726,1704099599947,ask,42592.0,4.25939,3
661,33,2024-01-01T09:00:00.657926726,1704099599947,ask,42591.0,0.00079,1
662,33,2024-01-01T09:00:00.657926726,1704099599947,ask,42587.0,0.06688,1
663,33,2024-01-01T09:00:00.657926726,1704099599947,ask,42586.0,0.002,1
664,33,2024-01-01T09:00:00.657926726,1704099599947,ask,42585.0,3.76256,1
665,33,2024-01-01T09:00:00.657926726,1704099599947,ask,42583.0,3.95906,1
666,33,2024-01-01T09:00:00.657926726,1704099599947,ask,42580.0,0.02347,1
667,33,2024-01-01T09:00:00.657926726,1704099599947,ask,42575.0,7.98141,2
668,33,2024-01-01T09:00:00.657926726,1704099599947,ask,42551.0,0.0062,1
669,33,2024-01-01T09:00:00.657926726,1704099599947,ask,42548.0,7.6118,2
670,33,2024-01-01T09:00:00.657926726,1704099599947,bid,42532.0,0.11768,1
671,33,2024-01-01T09:00:00.657926726,1704099599947,bid,42531.0,0.08817,1
672,33,2024-01-01T09:00:00.657926726,1704099599947,bid,42530.0,0.02939,1
673,33,2024-01-01T09:00:00.657926726,1704099599947,bid,42529.0,0.0065,1
674,33,2024-01-01T09:00:00.657926726,1704099599947,bid,42499.0,4.01606,1
675,33,2024-01-01T09:00:00.657926726,1704099599947,bid,42491.0,4.09242,1
676,33,2024-01-01T09:00:00.657926726,1704099599947,bid,42487.0,0.02942,1
677,33,2024-01-01T09:00:00.657926726,1704099599947,bid,42372.0,3.68187,1
678,33,2024-01-01T09:00:00.657926726,1704099599947,bid,42360.0,4.10485,1
679,33,2024-01-01T09:00:00.657926726,1704099599947,bid,42270.0,0.13341,1
680,34,2024-01-01T10:00:01.089963867,1704103199907,ask,42695.0,0.01746,1
681,34,2024-01-01T10:00:01.089963867,1704103199907,ask,42683.0,0.29953,1
682,34,2024-01-01T10:00:01.089963867,1704103199907,ask,42680.0,4.08653,2
683,34,2024-01-01T10:00:01.089963867,1704103199907,ask,42675.0,0.14977,1
684,34,2024-01-01T10:00:01.089963867,1704103199907,ask,42672.0,8.09468,2
685,34,2024-01-01T10:00:01.089963867,1704103199907,ask,42662.0,8.39423,2
686,34,2024-01-01T10:00:01.089963867,1704103199907,ask,42651.0,0.0053,1
687,34,2024-01-01T10:00:01.089963867,1704103199907,ask,42647.0,0.0062,1
688,34,2024-01-01T10:00:01.089963867,1704103199907,ask,42646.0,3.74765,1
689,34,2024-01-01T10:00:01.089963867,1704103199907,ask,42637.0,0.11739,1
690,34,2024-01-01T10:00:01.089963867,1704103199907,bid,42631.0,8.0227,2
691,34,2024-01-01T10:00:01.089963867,1704103199907,bid,42613.0,0.088,1
692,34,2024-01-01T10:00:01.089963867,1704103199907,bid,42612.0,0.02933,1
693,34,2024-01-01T10:00:01.089963867,1704103199907,bid,42611.0,0.0011,1
694,34,2024-01-01T10:00:01.089963867,1704103199907,bid,42590.0,0.32872,1
695,34,2024-01-01T10:00:01.089963867,1704103199907,bid,42586.0,7.89339,2
696,34,2024-01-01T10:00:01.089963867,1704103199907,bid,42569.0,0.02936,1
697,34,2024-01-01T10:00:01.089963867,1704103199907,bid,42565.0,0.03489,1
698,34,2024-01-01T10:00:01.089963867,1704103199907,bid,42550.0,1.0,1
699,34,2024-01-01T10:00:01.089963867,1704103199907,bid,42490.0,0.35302,1
700,35,2024-01-01T11:00:00.628701880,1704106799623,ask,42740.0,0.0006,1
701,35,2024-01-01T11:00:00.628701880,1704106799623,ask,42738.0,0.0046,1
702,35,2024-01-01T11:00:00.628701880,1704106799623,ask,42735.0,3.9358,2
703,35,2024-01-01T11:00:00.628701880,1704106799623,ask,42727.0,8.16343,2
704,35,2024-01-01T11:00:00.628701880,1704106799623,ask,42721.0,0.06366,1
705,35,2024-01-01T11:00:00.628701880,1704106799623,ask,42718.0,0.29449,1
706,35,2024-01-01T11:00:00.628701880,1704106799623,ask,42716.0,7.40614,2
707,35,2024-01-01T11:00:00.628701880,1704106799623,ask,42715.0,0.02339,1
708,35,2024-01-01T11:00:00.628701880,1704106799623,ask,42700.0,0.0062,1
709,35,2024-01-01T11:00:00.628701880,1704106799623,ask,42692.0,4.16791,2
710,35,2024-01-01T11:00:00.628701880,1704106799623,bid,42688.0,3.82504,1
711,35,2024-01-01T11:00:00.628701880,1704106799623,bid,42680.0,0.10647,1
712,35,2024-01-01T11:00:00.628701880,1704106799623,bid,42646.0,0.08793,1
713,35,2024-01-01T11:00:00.628701880,1704106799623,bid,42645.0,7.74829,2
714,35,2024-01-01T11:00:00.628701880,1704106799623,bid,42630.0,0.02932,1
715,35,2024-01-01T11:00:00.628701880,1704106799623,bid,42600.0,0.14713,1
716,35,2024-01-01T11:00:00.628701880,1704106799623,bid,42590.0,0.32872,1
717,35,2024-01-01T11:00:00.628701880,1704106799623,bid,42587.0,0.02935,1
718,35,2024-01-01T11:00:00.628701880,1704106799623,bid,42568.0,4.08255,1
719,35,2024-01-01T11:00:00.628701880,1704106799623,bid,42565.0,0.03489,1
720,36,2024-01-01T12:00:01.138942031,1704110399915,ask,42727.0,0.02265,1
721,36,2024-01-01T12:00:01.138942031,1704110399915,ask,42723.0,0.17828,1
722,36,2024-01-01T12:00:01.138942031,1704110399915,ask,42720.0,0.07722,1
723,36,2024-01-01T12:00:01.138942031,1704110399915,ask,42719.0,0.0234,1
724,36,2024-01-01T12:00:01.138942031,1704110399915,ask,42718.0,4.00898,2
725,36,2024-01-01T12:00:01.138942031,1704110399915,ask,42711.0,7.65792,2
726,36,2024-01-01T12:00:01.138942031,1704110399915,ask,42709.0,4.06794,1
727,36,2024-01-01T12:00:01.138942031,1704110399915,ask,42708.0,0.04,1
728,36,2024-01-01T12:00:01.138942031,1704110399915,ask,42705.0,3.83785,1
729,36,2024-01-01T12:00:01.138942031,1704110399915,ask,42701.0,3.47576,1
730,36,2024-01-01T12:00:01.138942031,1704110399915,bid,42686.0,3.46767,1
731,36,2024-01-01T12:00:01.138942031,1704110399915,bid,42684.0,0.08785,1
732,36,2024-01-01T12:00:01.138942031,1704110399915,bid,42683.0,0.0062,1
733,36,2024-01-01T12:00:01.138942031,1704110399915,bid,42681.0,4.02076,1
734,36,2024-01-01T12:00:01.138942031,1704110399915,bid,42674.0,3.90369,1
735,36,2024-01-01T12:00:01.138942031,1704110399915,bid,42672.0,0.1173,1
736,36,2024-01-01T12:00:01.138942031,1704110399915,bid,42666.0,0.0293,1
737,36,2024-01-01T12:00:01.138942031,1704110399915,bid,42650.0,8.04079,2
738,36,2024-01-01T12:00:01.138942031,1704110399915,bid,42627.0,8.14266,2
739,36,2024-01-01T12:00:01.138942031,1704110399915,bid,42623.0,0.02933,1
740,37,2024-01-01T13:00:01.074718819,1704113999884,ask,42698.0,0.00117,1
741,37,2024-01-01T13:00:01.074718819,1704113999884,ask,42693.0,0.18438,2
742,37,2024-01-01T13:00:01.074718819,1704113999884,ask,42686.0,4.01178,2
743,37,2024-01-01T13:00:01.074718819,1704113999884,ask,42680.0,0.1498,1
744,37,2024-01-01T13:00:01.074718819,1704113999884,ask,42679.0,16.16727,4
745,37,2024-01-01T13:00:01.074718819,1704113999884,ask,42676.0,0.02341,1
746,37,2024-01-01T13:00:01.074718819,1704113999884,ask,42668.0,7.62945,2
747,37,2024-01-01T13:00:01.074718819,1704113999884,ask,42658.0,0.0062,1
748,37,2024-01-01T13:00:01.074718819,1704113999884,ask,42648.0,0.56964,1
749,37,2024-01-01T13:00:01.074718819,1704113999884,ask,42646.0,0.11737,1
750,37,2024-01-01T13:00:01.074718819,1704113999884,bid,42645.0,7.86177,2
751,37,2024-01-01T13:00:01.074718819,1704113999884,bid,42611.0,0.08801,1
752,37,2024-01-01T13:00:01.074718819,1704113999884,bid,42610.0,7.79135,2
753,37,2024-01-01T13:00:01.074718819,1704113999884,bid,42607.0,0.02934,1
754,37,2024-01-01T13:00:01.074718819,1704113999884,bid,42600.0,0.15075,2
755,37,2024-01-01T13:00:01.074718819,1704113999884,bid,42590.0,0.32872,1
756,37,2024-01-01T13:00:01.074718819,1704113999884,bid,42586.0,8.08169,2
757,37,2024-01-01T13:00:01.074718819,1704113999884,bid,42565.0,0.03489,1
758,37,2024-01-01T13:00:01.074718819,1704113999884,bid,42564.0,0.02937,1
759,37,2024-01-01T13:00:01.074718819,1704113999884,bid,42550.0,1.0,1
760,38,2024-01-01T14:00:00.736864600,1704117599658,ask,42804.0,0.00855,1
761,38,2024-01-01T14:00:00.736864600,1704117599658,ask,42787.0,1.92238,1
762,38,2024-01-01T14:00:00.736864600,1704117599658,ask,42785.0,3.968,2
763,38,2024-01-01T14:00:00.736864600,1704117599658,ask,42779.0,4.3588,1
764,38,2024-01-01T14:00:00.736864600,1704117599658,ask,42777.0,3.68632,1
765,38,2024-01-01T14:00:00.736864600,1704117599658,ask,42772.0,0.18424,2
766,38,2024-01-01T14:00:00.736864600,1704117599658,ask,42764.0,4.26282,1
767,38,2024-01-01T14:00:00.736864600,1704117599658,ask,42762.0,4.05572,1
768,38,2024-01-01T14:00:00.736864600,1704117599658,ask,42760.0,0.23386,1
769,38,2024-01-01T14:00:00.736864600,1704117599658,ask,42757.0,0.0062,1
770,38,2024-01-01T14:00:00.736864600,1704117599658,bid,42756.0,0.0052,1
771,38,2024-01-01T14:00:00.736864600,1704117599658,bid,42752.0,0.001,1
772,38,2024-01-01T14:00:00.736864600,1704117599658,bid,42750.0,0.11708,1
773,38,2024-01-01T14:00:00.736864600,1704117599658,bid,42745.0,0.02336,1
774,38,2024-01-01T14:00:00.736864600,1704117599658,bid,42744.0,4.0283,1
775,38,2024-01-01T14:00:00.736864600,1704117599658,bid,42740.0,4.28335,1
776,38,2024-01-01T14:00:00.736864600,1704117599658,bid,42711.0,0.00117,1
777,38,2024-01-01T14:00:00.736864600,1704117599658,bid,42699.0,4.27928,1
778,38,2024-01-01T14:00:00.736864600,1704117599658,bid,42681.0,3.73029,1
779,38,2024-01-01T14:00:00.736864600,1704117599658,bid,42658.0,0.08791,1
780,39,2024-01-01T15:00:00.848869769,1704121199631,ask,42671.0,0.00117,1
781,39,2024-01-01T15:00:00.848869769,1704121199631,ask,42663.0,4.28193,2
782,39,2024-01-01T15:00:00.848869769,1704121199631,ask,42658.0,4.30608,1
783,39,2024-01-01T15:00:00.848869769,1704121199631,ask,42655.0,4.19572,1
784,39,2024-01-01T15:00:00.848869769,1704121199631,ask,42650.0,0.29115,2
785,39,2024-01-01T15:00:00.848869769,1704121199631,ask,42649.0,4.25179,1
786,39,2024-01-01T15:00:00.848869769,1704121199631,ask,42646.0,0.14944,1
787,39,2024-01-01T15:00:00.848869769,1704121199631,ask,42645.0,3.78484,1
788,39,2024-01-01T15:00:00.848869769,1704121199631,ask,42642.0,0.004,1
789,39,2024-01-01T15:00:00.848869769,1704121199631,ask,42640.0,0.11738,1
790,39,2024-01-01T15:00:00.848869769,1704121199631,bid,42635.0,0.02343,1
791,39,2024-01-01T15:00:00.848869769,1704121199631,bid,42625.0,3.81627,1
792,39,2024-01-01T15:00:00.848869769,1704121199631,bid,42615.0,4.36791,1
793,39,2024-01-01T15:00:00.848869769,1704121199631,bid,42607.0,0.0195,1
794,39,2024-01-01T15:00:00.848869769,1704121199631,bid,42600.0,0.14713,1
795,39,2024-01-01T15:00:00.848869769,1704121199631,bid,42590.0,0.32872,1
796,39,2024-01-01T15:00:00.848869769,1704121199631,bid,42587.0,0.0062,1
797,39,2024-01-01T15:00:00.848869769,1704121199631,bid,42580.0,4.38354,1
798,39,2024-01-01T15:00:00.848869769,1704121199631,bid,42569.0,4.1036,1
799,39,2024-01-01T15:00:00.848869769,1704121199631,bid,42566.0,0.02937,1
800,40,2024-01-01T16:00:03.592241280,1704124802441,ask,42838.0,0.20778,1
801,40,2024-01-01T16:00:03.592241280,1704124802441,ask,42822.0,4.35611,4
802,40,2024-01-01T16:00:03.592241280,1704124802441,ask,42814.0,8.42271,2
803,40,2024-01-01T16:00:03.592241280,1704124802441,ask,42804.0,7.67731,2
804,40,2024-01-01T16:00:03.592241280,1704124802441,ask,42803.0,0.11694,1
805,40,2024-01-01T16:00:03.592241280,1704124802441,ask,42802.0,0.0048,1
806,40,2024-01-01T16:00:03.592241280,1704124802441,ask,42793.0,0.00076,1
807,40,2024-01-01T16:00:03.592241280,1704124802441,ask,42789.0,0.0062,1
808,40,2024-01-01T16:00:03.592241280,1704124802441,ask,42782.0,3.92828,1
809,40,2024-01-01T16:00:03.592241280,1704124802441,ask,42780.0,0.00076,1
810,40,2024-01-01T16:00:03.592241280,1704124802441,bid,42773.0,4.36694,1
811,40,2024-01-01T16:00:03.592241280,1704124802441,bid,42767.0,0.00076,1
812,40,2024-01-01T16:00:03.592241280,1704124802441,bid,42755.0,0.00076,1
813,40,2024-01-01T16:00:03.592241280,1704124802441,bid,42742.0,0.00076,1
814,40,2024-01-01T16:00:03.592241280,1704124802441,bid,42738.0,0.02925,1
815,40,2024-01-01T16:00:03.592241280,1704124802441,bid,42737.0,8.09489,2
816,40,2024-01-01T16:00:03.592241280,1704124802441,bid,42729.0,0.00076,1
817,40,2024-01-01T16:00:03.592241280,1704124802441,bid,42716.0,0.00076,1
818,40,2024-01-01T16:00:03.592241280,1704124802441,bid,42703.0,0.00076,1
819,40,2024-01-01T16:00:03.592241280,1704124802441,bid,42699.0,0.00117,1
820,41,2024-01-01T17:00:01.235085345,1704128399971,ask,42771.0,0.71765,2
821,41,2024-01-01T17:00:01.235085345,1704128399971,ask,42767.0,0.05526,1
822,41,2024-01-01T17:00:01.235085345,1704128399971,ask,42763.0,0.14961,1
823,41,2024-01-01T17:00:01.235085345,1704128399971,ask,42758.0,0.02337,1
824,41,2024-01-01T17:00:01.235085345,1704128399971,ask,42757.0,3.92974,2
825,41,2024-01-01T17:00:01.235085345,1704128399971,ask,42751.0,0.0062,1
826,41,2024-01-01T17:00:01.235085345,1704128399971,ask,42750.0,8.07034,2
827,41,2024-01-01T17:00:01.235085345,1704128399971,ask,42748.0,4.15592,1
828,41,2024-01-01T17:00:01.235085345,1704128399971,ask,42739.0,7.90399,3
829,41,2024-01-01T17:00:01.235085345,1704128399971,ask,42727.0,0.11714,1
830,41,2024-01-01T17:00:01.235085345,1704128399971,bid,42721.0,3.79772,1
831,41,2024-01-01T17:00:01.235085345,1704128399971,bid,42720.0,3.60814,1
832,41,2024-01-01T17:00:01.235085345,1704128399971,bid,42708.0,4.3522,1
833,41,2024-01-01T17:00:01.235085345,1704128399971,bid,42703.0,0.00076,1
834,41,2024-01-01T17:00:01.235085345,1704128399971,bid,42690.0,0.00076,1
835,41,2024-01-01T17:00:01.235085345,1704128399971,bid,42688.0,0.0071,1
836,41,2024-01-01T17:00:01.235085345,1704128399971,bid,42679.0,0.08787,1
837,41,2024-01-01T17:00:01.235085345,1704128399971,bid,42678.0,0.03005,2
838,41,2024-01-01T17:00:01.235085345,1704128399971,bid,42666.0,4.28262,1
839,41,2024-01-01T17:00:01.235085345,1704128399971,bid,42665.0,0.00076,1
840,42,2024-01-01T18:00:00.829047698,1704131999589,ask,42863.0,0.015,1
841,42,2024-01-01T18:00:00.829047698,1704131999589,ask,42862.0,0.19572,2
842,42,2024-01-01T18:00:00.829047698,1704131999589,ask,42861.0,4.01973,2
843,42,2024-01-01T18:00:00.829047698,1704131999589,ask,42859.0,0.275,2
844,42,2024-01-01T18:00:00.829047698,1704131999589,ask,42857.0,3.80371,1
845,42,2024-01-01T18:00:00.829047698,1704131999589,ask,42855.0,4.06771,1
846,42,2024-01-01T18:00:00.829047698,1704131999589,ask,42849.0,0.19225,1
847,42,2024-01-01T18:00:00.829047698,1704131999589,ask,42848.0,0.13326,1
848,42,2024-01-01T18:00:00.829047698,1704131999589,ask,42847.0,3.7003,1
849,42,2024-01-01T18:00:00.829047698,1704131999589,ask,42843.0,3.66352,1
850,42,2024-01-01T18:00:00.829047698,1704131999589,bid,42836.0,0.02332,1
851,42,2024-01-01T18:00:00.829047698,1704131999589,bid,42829.0,0.0443,1
852,42,2024-01-01T18:00:00.829047698,1704131999589,bid,42813.0,4.11911,1
853,42,2024-01-01T18:00:00.829047698,1704131999589,bid,42812.0,4.33323,1
854,42,2024-01-01T18:00:00.829047698,1704131999589,bid,42802.0,0.0051,1
855,42,2024-01-01T18:00:00.829047698,1704131999589,bid,42801.0,0.11694,1
856,42,2024-01-01T18:00:00.829047698,1704131999589,bid,42799.0,0.0062,1
857,42,2024-01-01T18:00:00.829047698,1704131999589,bid,42751.0,0.11696,2
858,42,2024-01-01T18:00:00.829047698,1704131999589,bid,42750.0,8.40987,2
859,42,2024-01-01T18:00:00.829047698,1704131999589,bid,42708.0,0.02927,1
860,43,2024-01-01T19:00:03.435187884,1704135600318,ask,43163.0,0.20866,2
861,43,2024-01-01T19:00:03.435187884,1704135600318,ask,43160.0,0.075,1
862,43,2024-01-01T19:00:03.435187884,1704135600318,ask,43153.0,4.23045,2
863,43,2024-01-01T19:00:03.435187884,1704135600318,ask,43152.0,0.11034,1
864,43,2024-01-01T19:00:03.435187884,1704135600318,ask,43145.0,7.70513,2
865,43,2024-01-01T19:00:03.435187884,1704135600318,ask,43141.0,0.14544,1
866,43,2024-01-01T19:00:03.435187884,1704135600318,ask,43140.0,4.28575,1
867,43,2024-01-01T19:00:03.435187884,1704135600318,ask,43139.0,3.84629,1
868,43,2024-01-01T19:00:03.435187884,1704135600318,ask,43137.0,0.02316,1
869,43,2024-01-01T19:00:03.435187884,1704135600318,ask,43134.0,3.81355,1
870,43,2024-01-01T19:00:03.435187884,1704135600318,bid,43113.0,8.00059,2
871,43,2024-01-01T19:00:03.435187884,1704135600318,bid,43090.0,0.11616,1
872,43,2024-01-01T19:00:03.435187884,1704135600318,bid,43081.0,0.0061,1
873,43,2024-01-01T19:00:03.435187884,1704135600318,bid,43063.0,0.08708,1
874,43,2024-01-01T19:00:03.435187884,1704135600318,bid,43062.0,0.02903,1
875,43,2024-01-01T19:00:03.435187884,1704135600318,bid,43061.0,3.90035,1
876,43,2024-01-01T19:00:03.435187884,1704135600318,bid,43054.0,0.0041,1
877,43,2024-01-01T19:00:03.435187884,1704135600318,bid,43045.0,4.32442,1
878,43,2024-01-01T19:00:03.435187884,1704135600318,bid,43019.0,0.02906,1
879,43,2024-01-01T19:00:03.435187884,1704135600318,bid,42960.0,7.41999,2
880,44,2024-01-01T20:00:02.848857224,1704139200161,ask,43581.0,0.25683,2
881,44,2024-01-01T20:00:02.848857224,1704139200161,ask,43577.0,1.87529,1
882,44,2024-01-01T20:00:02.848857224,1704139200161,ask,43572.0,4.06241,1
883,44,2024-01-01T20:00:02.848857224,1704139200161,ask,43568.0,6.11148,2
884,44,2024-01-01T20:00:02.848857224,1704139200161,ask,43560.0,8.20489,2
885,44,2024-01-01T20:00:02.848857224,1704139200161,ask,43557.0,3.79727,1
886,44,2024-01-01T20:00:02.848857224,1704139200161,ask,43556.0,0.29163,1
887,44,2024-01-01T20:00:02.848857224,1704139200161,ask,43551.0,0.1452,1
888,44,2024-01-01T20:00:02.848857224,1704139200161,ask,43550.0,0.02294,1
889,44,2024-01-01T20:00:02.848857224,1704139200161,ask,43549.0,3.59352,1
890,44,2024-01-01T20:00:02.848857224,1704139200161,bid,43545.0,0.04,1
891,44,2024-01-01T20:00:02.848857224,1704139200161,bid,43527.0,4.18488,1
892,44,2024-01-01T20:00:02.848857224,1704139200161,bid,43524.0,4.066,1
893,44,2024-01-01T20:00:02.848857224,1704139200161,bid,43521.0,0.0061,1
894,44,2024-01-01T20:00:02.848857224,1704139200161,bid,43519.0,0.11501,1
895,44,2024-01-01T20:00:02.848857224,1704139200161,bid,43477.0,4.07416,2
896,44,2024-01-01T20:00:02.848857224,1704139200161,bid,43476.0,3.8373,1
897,44,2024-01-01T20:00:02.848857224,1704139200161,bid,43456.0,0.08629,1
898,44,2024-01-01T20:00:02.848857224,1704139200161,bid,43450.0,0.004,1
899,44,2024-01-01T20:00:02.848857224,1704139200161,bid,43434.0,0.02878,1
900,45,2024-01-01T21:00:00.823603128,1704142799893,ask,43758.0,0.00114,1
901,45,2024-01-01T21:00:00.823603128,1704142799893,ask,43755.0,0.00553,1
902,45,2024-01-01T21:00:00.823603128,1704142799893,ask,43753.0,0.20133,2
903,45,2024-01-01T21:00:00.823603128,1704142799893,ask,43750.0,3.78145,2
904,45,2024-01-01T21:00:00.823603128,1704142799893,ask,43746.0,7.60103,2
905,45,2024-01-01T21:00:00.823603128,1704142799893,ask,43736.0,0.0731,1
906,45,2024-01-01T21:00:00.823603128,1704142799893,ask,43735.0,0.05172,1
907,45,2024-01-01T21:00:00.823603128,1704142799893,ask,43734.0,7.50954,3
908,45,2024-01-01T21:00:00.823603128,1704142799893,ask,43713.0,0.004,1
909,45,2024-01-01T21:00:00.823603128,1704142799893,ask,43709.0,7.95018,2
910,45,2024-01-01T21:00:00.823603128,1704142799893,bid,43700.0,0.07261,1
911,45,2024-01-01T21:00:00.823603128,1704142799893,bid,43681.0,0.006,1
912,45,2024-01-01T21:00:00.823603128,1704142799893,bid,43677.0,0.1146,1
913,45,2024-01-01T21:00:00.823603128,1704142799893,bid,43671.0,4.04712,1
914,45,2024-01-01T21:00:00.823603128,1704142799893,bid,43659.0,0.08589,1
915,45,2024-01-01T21:00:00.823603128,1704142799893,bid,43658.0,3.61928,1
916,45,2024-01-01T21:00:00.823603128,1704142799893,bid,43650.0,0.1284,1
917,45,2024-01-01T21:00:00.823603128,1704142799893,bid,43605.0,0.02867,1
918,45,2024-01-01T21:00:00.823603128,1704142799893,bid,43604.0,0.04,1
919,45,2024-01-01T21:00:00.823603128,1704142799893,bid,43562.0,0.02869,1
920,46,2024-01-01T22:00:01.073254660,1704146399823,ask,43671.0,0.07924,1
921,46,2024-01-01T22:00:01.073254660,1704146399823,ask,43668.0,3.45071,3
922,46,2024-01-01T22:00:01.073254660,1704146399823,ask,43664.0,6.43479,2
923,46,2024-01-01T22:00:01.073254660,1704146399823,ask,43655.0,0.29607,1
924,46,2024-01-01T22:00:01.073254660,1704146399823,ask,43653.0,0.14739,1
925,46,2024-01-01T22:00:01.073254660,1704146399823,ask,43652.0,3.48032,1
926,46,2024-01-01T22:00:01.073254660,1704146399823,ask,43649.0,3.23184,1
927,46,2024-01-01T22:00:01.073254660,1704146399823,ask,43635.0,7.1504,1
928,46,2024-01-01T22:00:01.073254660,1704146399823,ask,43620.0,0.11475,1
929,46,2024-01-01T22:00:01.073254660,1704146399823,ask,43613.0,0.006,1
930,46,2024-01-01T22:00:01.073254660,1704146399823,bid,43611.0,7.04809,2
931,46,2024-01-01T22:00:01.073254660,1704146399823,bid,43558.0,0.11479,2
932,46,2024-01-01T22:00:01.073254660,1704146399823,bid,43557.0,7.35759,2
933,46,2024-01-01T22:00:01.073254660,1704146399823,bid,43528.0,0.00053,1
934,46,2024-01-01T22:00:01.073254660,1704146399823,bid,43526.0,0.004,1
935,46,2024-01-01T22:00:01.073254660,1704146399823,bid,43515.0,0.02873,1
936,46,2024-01-01T22:00:01.073254660,1704146399823,bid,43511.0,0.00053,1
937,46,2024-01-01T22:00:01.073254660,1704146399823,bid,43494.0,0.00053,1
938,46,2024-01-01T22:00:01.073254660,1704146399823,bid,43477.0,0.00053,1
939,46,2024-01-01T22:00:01.073254660,1704146399823,bid,43460.0,0.00053,1
940,47,2024-01-01T23:00:03.117573915,1704150001002,ask,43588.0,0.20133,2
941,47,2024-01-01T23:00:03.117573915,1704150001002,ask,43587.0,0.04,1
942,47,2024-01-01T23:00:03.117573915,1704150001002,ask,43585.0,3.24066,3
943,47,2024-01-01T23:00:03.117573915,1704150001002,ask,43584.0,0.06404,1
944,47,2024-01-01T23:00:03.117573915,1704150001002,ask,43583.0,3.06145,2
945,47,2024-01-01T23:00:03.117573915,1704150001002,ask,43579.0,6.45979,2
946,47,2024-01-01T23:00:03.117573915,1704150001002,ask,43575.0,6.87413,2
947,47,2024-01-01T23:00:03.117573915,1704150001002,ask,43569.0,0.13817,2
948,47,2024-01-01T23:00:03.117573915,1704150001002,ask,43568.0,6.10576,2
949,47,2024-01-01T23:00:03.117573915,1704150001002,ask,43543.0,6.71472,2
950,47,2024-01-01T23:00:03.117573915,1704150001002,bid,43521.0,0.11501,1
951,47,2024-01-01T23:00:03.117573915,1704150001002,bid,43513.0,1.52604,1
952,47,2024-01-01T23:00:03.117573915,1704150001002,bid,43501.0,0.0862,1
953,47,2024-01-01T23:00:03.117573915,1704150001002,bid,43500.0,0.0721,1
954,47,2024-01-01T23:00:03.117573915,1704150001002,bid,43484.0,0.02875,1
955,47,2024-01-01T23:00:03.117573915,1704150001002,bid,43483.0,3.57172,2
956,47,2024-01-01T23:00:03.117573915,1704150001002,bid,43474.0,3.94503,1
957,47,2024-01-01T23:00:03.117573915,1704150001002,bid,43468.0,0.3112,1
958,47,2024-01-01T23:00:03.117573915,1704150001002,bid,43442.0,0.00053,1
959,47,2024-01-01T23:00:03.117573915,1704150001002,bid,43440.0,0.02878,1
960,48,2024-01-02T00:00:07.296587299,1704153606629,ask,44223.0,0.02977,1
961,48,2024-01-02T00:00:07.296587299,1704153606629,ask,44221.0,0.14208,1
962,48,2024-01-02T00:00:07.296587299,1704153606629,ask,44214.0,0.1421,1
963,48,2024-01-02T00:00:07.296587299,1704153606629,ask,44213.0,1.68709,1
964,48,2024-01-02T00:00:07.296587299,1704153606629,ask,44211.0,1.76119,1
965,48,2024-01-02T00:00:07.296587299,1704153606629,ask,44205.0,3.29699,1
966,48,2024-01-02T00:00:07.296587299,1704153606629,ask,44203.0,3.62745,1
967,48,2024-01-02T00:00:07.296587299,1704153606629,ask,44201.0,3.78695,1
968,48,2024-01-02T00:00:07.296587299,1704153606629,ask,44190.0,3.73314,1
969,48,2024-01-02T00:00:07.296587299,1704153606629,ask,44186.0,3.65209,1
970,48,2024-01-02T00:00:07.296587299,1704153606629,bid,44182.0,0.11329,1
971,48,2024-01-02T00:00:07.296587299,1704153606629,bid,44168.0,0.0059,1
972,48,2024-01-02T00:00:07.296587299,1704153606629,bid,44159.0,3.16637,2
973,48,2024-01-02T00:00:07.296587299,1704153606629,bid,44155.0,3.29855,1
974,48,2024-01-02T00:00:07.296587299,1704153606629,bid,44150.0,0.08273,1
975,48,2024-01-02T00:00:07.296587299,1704153606629,bid,44124.0,0.11911,1
976,48,2024-01-02T00:00:07.296587299,1704153606629,bid,44120.0,0.02833,1
977,48,2024-01-02T00:00:07.296587299,1704153606629,bid,44108.0,8.43696,2
978,48,2024-01-02T00:00:07.296587299,1704153606629,bid,44076.0,0.02836,1
979,48,2024-01-02T00:00:07.296587299,1704153606629,bid,44044.0,0.01736,1
980,49,2024-01-02T01:00:00.604569867,1704157199492,ask,45198.0,0.19852,2
981,49,2024-01-02T01:00:00.604569867,1704157199492,ask,45190.0,3.59889,2
982,49,2024-01-02T01:00:00.604569867,1704157199492,ask,45187.0,6.99288,2
983,49,2024-01-02T01:00:00.604569867,1704157199492,ask,45181.0,8.98638,3
984,49,2024-01-02T01:00:00.604569867,1704157199492,ask,45156.0,3.38912,1
985,49,2024-01-02T01:00:00.604569867,1704157199492,ask,45155.0,4.04824,1
986,49,2024-01-02T01:00:00.604569867,1704157199492,ask,45144.0,0.0005,1
987,49,2024-01-02T01:00:00.604569867,1704157199492,ask,45134.0,0.13456,1
988,49,2024-01-02T01:00:00.604569867,1704157199492,ask,45122.0,7.00063,2
989,49,2024-01-02T01:00:00.604569867,1704157199492,ask,45120.0,0.11093,1
990,49,2024-01-02T01:00:00.604569867,1704157199492,bid,45074.0,0.0832,1
991,49,2024-01-02T01:00:00.604569867,1704157199492,bid,45067.0,3.76376,1
992,49,2024-01-02T01:00:00.604569867,1704157199492,bid,45063.0,0.02774,1
993,49,2024-01-02T01:00:00.604569867,1704157199492,bid,45062.0,3.73807,1
994,49,2024-01-02T01:00:00.604569867,1704157199492,bid,45019.0,0.02777,1
995,49,2024-01-02T01:00:00.604569867,1704157199492,bid,45015.0,0.00067,1
996,49,2024-01-02T01:00:00.604569867,1704157199492,bid,44958.0,0.00067,1
997,49,2024-01-02T01:00:00.604569867,1704157199492,bid,44952.0,3.77065,1
998,49,2024-01-02T01:00:00.604569867,1704157199492,bid,44929.0,3.83739,1
999,49,2024-01-02T01:00:00.604569867,1704157199492,bid,44901.0,0.00067,1
1000,50,2024-01-02T02:00:00.701066913,1704160799628,ask,44946.0,0.66184,1
1001,50,2024-01-02T02:00:00.701066913,1704160799628,ask,44942.0,0.075,1
1002,50,2024-01-02T02:00:00.701066913,1704160799628,ask,44941.0,0.02305,1
1003,50,2024-01-02T02:00:00.701066913,1704160799628,ask,44937.0,3.91893,2
1004,50,2024-01-02T02:00:00.701066913,1704160799628,ask,44929.0,4.14371,1
1005,50,2024-01-02T02:00:00.701066913,1704160799628,ask,44928.0,3.92923,1
1006,50,2024-01-02T02:00:00.701066913,1704160799628,ask,44918.0,0.0026,1
1007,50,2024-01-02T02:00:00.701066913,1704160799628,ask,44915.0,7.95928,2
1008,50,2024-01-02T02:00:00.701066913,1704160799628,ask,44910.0,0.05422,1
1009,50,2024-01-02T02:00:00.701066913,1704160799628,ask,44909.0,0.02225,1
1010,50,2024-01-02T02:00:00.701066913,1704160799628,bid,44896.0,0.14314,1
1011,50,2024-01-02T02:00:00.701066913,1704160799628,bid,44895.0,0.11149,1
1012,50,2024-01-02T02:00:00.701066913,1704160799628,bid,44885.0,4.08032,1
1013,50,2024-01-02T02:00:00.701066913,1704160799628,bid,44883.0,3.75108,2
1014,50,2024-01-02T02:00:00.701066913,1704160799628,bid,44833.0,4.02351,2
1015,50,2024-01-02T02:00:00.701066913,1704160799628,bid,44832.0,0.02788,1
1016,50,2024-01-02T02:00:00.701066913,1704160799628,bid,44831.0,3.66681,1
1017,50,2024-01-02T02:00:00.701066913,1704160799628,bid,44800.0,0.0033,1
1018,50,2024-01-02T02:00:00.701066913,1704160799628,bid,44788.0,0.02791,1
1019,50,2024-01-02T02:00:00.701066913,1704160799628,bid,44718.0,7.37655,2
1020,51,2024-01-02T03:00:01.128119139,1704164399909,ask,45460.0,0.0011,1
1021,51,2024-01-02T03:00:01.128119139,1704164399909,ask,45455.0,4.08277,1
1022,51,2024-01-02T03:00:01.128119139,1704164399909,ask,45453.0,0.8015,3
1023,51,2024-01-02T03:00:01.128119139,1704164399909,ask,45452.0,0.15608,2
1024,51,2024-01-02T03:00:01.128119139,1704164399909,ask,45446.0,3.73627,2
1025,51,2024-01-02T03:00:01.128119139,1704164399909,ask,45440.0,7.39522,2
1026,51,2024-01-02T03:00:01.128119139,1704164399909,ask,45436.0,4.05399,1
1027,51,2024-01-02T03:00:01.128119139,1704164399909,ask,45427.0,0.016,1
1028,51,2024-01-02T03:00:01.128119139,1704164399909,ask,45426.0,0.062,1
1029,51,2024-01-02T03:00:01.128119139,1704164399909,ask,45425.0,3.48962,1
1030,51,2024-01-02T03:00:01.128119139,1704164399909,bid,45423.0,3.97935,1
1031,51,2024-01-02T03:00:01.128119139,1704164399909,bid,45422.0,3.99202,1
1032,51,2024-01-02T03:00:01.128119139,1704164399909,bid,45411.0,0.02199,1
1033,51,2024-01-02T03:00:01.128119139,1704164399909,bid,45396.0,3.74904,1
1034,51,2024-01-02T03:00:01.128119139,1704164399909,bid,45390.0,3.44518,1
1035,51,2024-01-02T03:00:01.128119139,1704164399909,bid,45379.0,0.0014,1
1036,51,2024-01-02T03:00:01.128119139,1704164399909,bid,45349.0,0.08269,1
1037,51,2024-01-02T03:00:01.128119139,1704164399909,bid,45348.0,3.61086,1
1038,51,2024-01-02T03:00:01.128119139,1704164399909,bid,45325.0,3.93589,1
1039,51,2024-01-02T03:00:01.128119139,1704164399909,bid,45298.0,0.0128,1
1040,52,2024-01-02T04:00:00.747348668,1704167999541,ask,45466.0,3.64809,2
1041,52,2024-01-02T04:00:00.747348668,1704167999541,ask,45459.0,0.51116,4
1042,52,2024-01-02T04:00:00.747348668,1704167999541,ask,45458.0,3.64687,4
1043,52,2024-01-02T04:00:00.747348668,1704167999541,ask,45457.0,3.38623,1
1044,52,2024-01-02T04:00:00.747348668,1704167999541,ask,45442.0,0.28151,1
1045,52,2024-01-02T04:00:00.747348668,1704167999541,ask,45441.0,0.14069,1
1046,52,2024-01-02T04:00:00.747348668,1704167999541,ask,45440.0,7.39157,2
1047,52,2024-01-02T04:00:00.747348668,1704167999541,ask,45420.0,7.05753,3
1048,52,2024-01-02T04:00:00.747348668,1704167999541,ask,45412.0,0.61099,1
1049,52,2024-01-02T04:00:00.747348668,1704167999541,ask,45407.0,7.40857,2
1050,52,2024-01-02T04:00:00.747348668,1704167999541,bid,45402.0,0.02753,1
1051,52,2024-01-02T04:00:00.747348668,1704167999541,bid,45401.0,0.11024,1
1052,52,2024-01-02T04:00:00.747348668,1704167999541,bid,45358.0,0.02756,1
1053,52,2024-01-02T04:00:00.747348668,1704167999541,bid,45352.0,7.12351,2
1054,52,2024-01-02T04:00:00.747348668,1704167999541,bid,45338.0,0.08271,1
1055,52,2024-01-02T04:00:00.747348668,1704167999541,bid,45236.0,3.654,1
1056,52,2024-01-02T04:00:00.747348668,1704167999541,bid,45220.0,3.64504,1
1057,52,2024-01-02T04:00:00.747348668,1704167999541,bid,45116.0,0.00066,1
1058,52,2024-01-02T04:00:00.747348668,1704167999541,bid,45056.0,38.75954,2
1059,52,2024-01-02T04:00:00.747348668,1704167999541,bid,45007.0,0.00066,1
1060,53,2024-01-02T05:00:03.224295887,1704171600529,ask,45250.0,0.0011,1
1061,53,2024-01-02T05:00:03.224295887,1704171600529,ask,45248.0,0.05965,1
1062,53,2024-01-02T05:00:03.224295887,1704171600529,ask,45244.0,3.81185,2
1063,53,2024-01-02T05:00:03.224295887,1704171600529,ask,45239.0,7.47429,2
1064,53,2024-01-02T05:00:03.224295887,1704171600529,ask,45236.0,0.0102,1
1065,53,2024-01-02T05:00:03.224295887,1704171600529,ask,45233.0,3.8901,1
1066,53,2024-01-02T05:00:03.224295887,1704171600529,ask,45225.0,3.5446,1
1067,53,2024-01-02T05:00:03.224295887,1704171600529,ask,45224.0,3.66701,1
1068,53,2024-01-02T05:00:03.224295887,1704171600529,ask,45213.0,0.283,1
1069,53,2024-01-02T05:00:03.224295887,1704171600529,ask,45202.0,0.1414,1
1070,53,2024-01-02T05:00:03.224295887,1704171600529,bid,45201.0,3.42819,1
1071,53,2024-01-02T05:00:03.224295887,1704171600529,bid,45200.0,2.51592,1
1072,53,2024-01-02T05:00:03.224295887,1704171600529,bid,45195.0,3.77689,2
1073,53,2024-01-02T05:00:03.224295887,1704171600529,bid,45185.0,0.02766,1
1074,53,2024-01-02T05:00:03.224295887,1704171600529,bid,45144.0,8.13087,2
1075,53,2024-01-02T05:00:03.224295887,1704171600529,bid,45141.0,0.02769,1
1076,53,2024-01-02T05:00:03.224295887,1704171600529,bid,45116.0,0.00066,1
1077,53,2024-01-02T05:00:03.224295887,1704171600529,bid,45109.0,0.08313,1
1078,53,2024-01-02T05:00:03.224295887,1704171600529,bid,45029.0,8.19653,2
1079,53,2024-01-02T05:00:03.224295887,1704171600529,bid,45007.0,0.00066,1
1080,54,2024-01-02T06:00:01.027452754,1704175199853,ask,45273.0,0.00027,1
1081,54,2024-01-02T06:00:01.027452754,1704175199853,ask,45249.0,3.58708,2
1082,54,2024-01-02T06:00:01.027452754,1704175199853,ask,45241.0,7.67807,2
1083,54,2024-01-02T06:00:01.027452754,1704175199853,ask,45229.0,7.18108,2
1084,54,2024-01-02T06:00:01.027452754,1704175199853,ask,45209.0,0.1415,1
1085,54,2024-01-02T06:00:01.027452754,1704175199853,ask,45208.0,0.28315,1
1086,54,2024-01-02T06:00:01.027452754,1704175199853,ask,45206.0,3.99738,1
1087,54,2024-01-02T06:00:01.027452754,1704175199853,ask,45205.0,0.11072,1
1088,54,2024-01-02T06:00:01.027452754,1704175199853,ask,45204.0,3.4987,1
1089,54,2024-01-02T06:00:01.027452754,1704175199853,ask,45200.0,2.08346,1
1090,54,2024-01-02T06:00:01.027452754,1704175199853,bid,45193.0,0.0136,1
1091,54,2024-01-02T06:00:01.027452754,1704175199853,bid,45173.0,0.02,1
1092,54,2024-01-02T06:00:01.027452754,1704175199853,bid,45164.0,4.06016,1
1093,54,2024-01-02T06:00:01.027452754,1704175199853,bid,45155.0,3.6329,1
1094,54,2024-01-02T06:00:01.027452754,1704175199853,bid,45132.0,0.0277,1
1095,54,2024-01-02T06:00:01.027452754,1704175199853,bid,45087.0,0.08317,1
1096,54,2024-01-02T06:00:01.027452754,1704175199853,bid,45086.0,0.02772,1
1097,54,2024-01-02T06:00:01.027452754,1704175199853,bid,45056.0,3.85522,1
1098,54,2024-01-02T06:00:01.027452754,1704175199853,bid,45055.0,4.00095,1
1099,54,2024-01-02T06:00:01.027452754,1704175199853,bid,45013.0,0.06948,1
1100,55,2024-01-02T07:00:00.757563030,1704178799595,ask,45241.0,0.00111,1
1101,55,2024-01-02T07:00:00.757563030,1704178799595,ask,45229.0,0.0112,1
1102,55,2024-01-02T07:00:00.757563030,1704178799595,ask,45226.0,3.72896,2
1103,55,2024-01-02T07:00:00.757563030,1704178799595,ask,45218.0,7.63857,2
1104,55,2024-01-02T07:00:00.757563030,1704178799595,ask,45209.0,0.19898,2
1105,55,2024-01-02T07:00:00.757563030,1704178799595,ask,45207.0,7.24673,2
1106,55,2024-01-02T07:00:00.757563030,1704178799595,ask,45200.0,2.08346,1
1107,55,2024-01-02T07:00:00.757563030,1704178799595,ask,45181.0,3.4161,1
1108,55,2024-01-02T07:00:00.757563030,1704178799595,ask,45178.0,3.99027,1
1109,55,2024-01-02T07:00:00.757563030,1704178799595,ask,45173.0,0.1108,1
1110,55,2024-01-02T07:00:00.757563030,1704178799595,bid,45162.0,0.02,1
1111,55,2024-01-02T07:00:00.757563030,1704178799595,bid,45128.0,0.0277,1
1112,55,2024-01-02T07:00:00.757563030,1704178799595,bid,45127.0,7.55936,2
1113,55,2024-01-02T07:00:00.757563030,1704178799595,bid,45120.0,0.08311,1
1114,55,2024-01-02T07:00:00.757563030,1704178799595,bid,45082.0,0.02773,1
1115,55,2024-01-02T07:00:00.757563030,1704178799595,bid,45036.0,4.08961,1
1116,55,2024-01-02T07:00:00.757563030,1704178799595,bid,45035.0,3.50345,1
1117,55,2024-01-02T07:00:00.757563030,1704178799595,bid,45013.0,0.06948,1
1118,55,2024-01-02T07:00:00.757563030,1704178799595,bid,45000.0,1.5,1
1119,55,2024-01-02T07:00:00.757563030,1704178799595,bid,44940.0,0.05906,1
1120,56,2024-01-02T08:00:00.939062799,1704182399578,ask,45530.0,0.6109,3
1121,56,2024-01-02T08:00:00.939062799,1704182399578,ask,45523.0,3.80277,2
1122,56,2024-01-02T08:00:00.939062799,1704182399578,ask,45513.0,7.79878,2
1123,56,2024-01-02T08:00:00.939062799,1704182399578,ask,45505.0,0.04835,2
1124,56,2024-01-02T08:00:00.939062799,1704182399578,ask,45504.0,7.45295,2
1125,56,2024-01-02T08:00:00.939062799,1704182399578,ask,45492.0,0.0027,1
1126,56,2024-01-02T08:00:00.939062799,1704182399578,ask,45478.0,7.44334,2
1127,56,2024-01-02T08:00:00.939062799,1704182399578,ask,45451.0,0.11012,1
1128,56,2024-01-02T08:00:00.939062799,1704182399578,ask,45449.0,0.02,1
1129,56,2024-01-02T08:00:00.939062799,1704182399578,ask,45430.0,0.02751,1
1130,56,2024-01-02T08:00:00.939062799,1704182399578,bid,45411.0,3.71156,1
1131,56,2024-01-02T08:00:00.939062799,1704182399578,bid,45406.0,0.08259,1
1132,56,2024-01-02T08:00:00.939062799,1704182399578,bid,45405.0,3.79745,1
1133,56,2024-01-02T08:00:00.939062799,1704182399578,bid,45384.0,0.02754,1
1134,56,2024-01-02T08:00:00.939062799,1704182399578,bid,45332.0,7.42391,2
1135,56,2024-01-02T08:00:00.939062799,1704182399578,bid,45200.0,2.08346,1
1136,56,2024-01-02T08:00:00.939062799,1704182399578,bid,45133.0,19.06831,1
1137,56,2024-01-02T08:00:00.939062799,1704182399578,bid,45065.0,19.60975,1
1138,56,2024-01-02T08:00:00.939062799,1704182399578,bid,45013.0,0.06948,1
1139,56,2024-01-02T08:00:00.939062799,1704182399578,bid,45000.0,1.55,2
1140,57,2024-01-02T09:00:03.183629042,1704186000201,ask,45804.0,0.2268,2
1141,57,2024-01-02T09:00:03.183629042,1704186000201,ask,45803.0,1.63497,1
1142,57,2024-01-02T09:00:03.183629042,1704186000201,ask,45802.0,0.16184,1
1143,57,2024-01-02T09:00:03.183629042,1704186000201,ask,45797.0,0.13956,1
1144,57,2024-01-02T09:00:03.183629042,1704186000201,ask,45793.0,3.55616,1
1145,57,2024-01-02T09:00:03.183629042,1704186000201,ask,45787.0,1.82416,1
1146,57,2024-01-02T09:00:03.183629042,1704186000201,ask,45780.0,3.78124,1
1147,57,2024-01-02T09:00:03.183629042,1704186000201,ask,45768.0,3.92314,1
1148,57,2024-01-02T09:00:03.183629042,1704186000201,ask,45761.0,3.98921,1
1149,57,2024-01-02T09:00:03.183629042,1704186000201,ask,45760.0,0.02,1
1150,57,2024-01-02T09:00:03.183629042,1704186000201,bid,45747.0,3.79642,1
1151,57,2024-01-02T09:00:03.183629042,1704186000201,bid,45744.0,0.0019,1
1152,57,2024-01-02T09:00:03.183629042,1704186000201,bid,45742.0,3.75258,1
1153,57,2024-01-02T09:00:03.183629042,1704186000201,bid,45735.0,0.02733,1
1154,57,2024-01-02T09:00:03.183629042,1704186000201,bid,45733.0,3.36067,1
1155,57,2024-01-02T09:00:03.183629042,1704186000201,bid,45724.0,0.08201,1
1156,57,2024-01-02T09:00:03.183629042,1704186000201,bid,45723.0,0.10947,1
1157,57,2024-01-02T09:00:03.183629042,1704186000201,bid,45703.0,3.40318,1
1158,57,2024-01-02T09:00:03.183629042,1704186000201,bid,45689.0,0.02736,1
1159,57,2024-01-02T09:00:03.183629042,1704186000201,bid,45685.0,3.78218,1
1160,58,2024-01-02T10:00:01.137431292,1704189599919,ask,45738.0,0.2268,2
1161,58,2024-01-02T10:00:01.137431292,1704189599919,ask,45718.0,0.27998,1
1162,58,2024-01-02T10:00:01.137431292,1704189599919,ask,45717.0,0.13988,1
1163,58,2024-01-02T10:00:01.137431292,1704189599919,ask,45716.0,3.88562,2
1164,58,2024-01-02T10:00:01.137431292,1704189599919,ask,45708.0,7.54646,2
1165,58,2024-01-02T10:00:01.137431292,1704189599919,ask,45693.0,7.2771,2
1166,58,2024-01-02T10:00:01.137431292,1704189599919,ask,45687.0,3.80528,1
1167,58,2024-01-02T10:00:01.137431292,1704189599919,ask,45674.0,0.10959,1
1168,58,2024-01-02T10:00:01.137431292,1704189599919,ask,45667.0,0.0023,1
1169,58,2024-01-02T10:00:01.137431292,1704189599919,ask,45660.0,7.93936,2
1170,58,2024-01-02T10:00:01.137431292,1704189599919,bid,45652.0,0.02738,1
1171,58,2024-01-02T10:00:01.137431292,1704189599919,bid,45651.0,0.08214,1
1172,58,2024-01-02T10:00:01.137431292,1704189599919,bid,45650.0,0.03568,1
1173,58,2024-01-02T10:00:01.137431292,1704189599919,bid,45648.0,7.45661,2
1174,58,2024-01-02T10:00:01.137431292,1704189599919,bid,45623.0,8.15537,2
1175,58,2024-01-02T10:00:01.137431292,1704189599919,bid,45606.0,0.02741,1
1176,58,2024-01-02T10:00:01.137431292,1704189599919,bid,45600.0,0.03568,1
1177,58,2024-01-02T10:00:01.137431292,1704189599919,bid,45522.0,4.07284,1
1178,58,2024-01-02T10:00:01.137431292,1704189599919,bid,45517.0,4.03943,1
1179,58,2024-01-02T10:00:01.137431292,1704189599919,bid,45460.0,0.16337,1
1180,59,2024-01-02T11:00:00.854733065,1704193199691,ask,45653.0,0.40144,1
1181,59,2024-01-02T11:00:00.854733065,1704193199691,ask,45652.0,1.79906,3
1182,59,2024-01-02T11:00:00.854733065,1704193199691,ask,45651.0,1.9991,2
1183,59,2024-01-02T11:00:00.854733065,1704193199691,ask,45650.0,3.71597,2
1184,59,2024-01-02T11:00:00.854733065,1704193199691,ask,45648.0,0.20375,1
1185,59,2024-01-02T11:00:00.854733065,1704193199691,ask,45645.0,7.56726,2
1186,59,2024-01-02T11:00:00.854733065,1704193199691,ask,45641.0,7.70097,2
1187,59,2024-01-02T11:00:00.854733065,1704193199691,ask,45634.0,0.13724,1
1188,59,2024-01-02T11:00:00.854733065,1704193199691,ask,45633.0,7.93804,3
1189,59,2024-01-02T11:00:00.854733065,1704193199691,ask,45627.0,7.13402,2
1190,59,2024-01-02T11:00:00.854733065,1704193199691,bid,45589.0,7.70599,2
1191,59,2024-01-02T11:00:00.854733065,1704193199691,bid,45576.0,0.10982,1
1192,59,2024-01-02T11:00:00.854733065,1704193199691,bid,45550.0,3.46925,1
1193,59,2024-01-02T11:00:00.854733065,1704193199691,bid,45549.0,0.08233,1
1194,59,2024-01-02T11:00:00.854733065,1704193199691,bid,45536.0,0.02745,1
1195,59,2024-01-02T11:00:00.854733065,1704193199691,bid,45535.0,4.08899,1
1196,59,2024-01-02T11:00:00.854733065,1704193199691,bid,45511.0,0.88745,1
1197,59,2024-01-02T11:00:00.854733065,1704193199691,bid,45490.0,0.02748,1
1198,59,2024-01-02T11:00:00.854733065,1704193199691,bid,45484.0,0.0106,1
1199,59,2024-01-02T11:00:00.854733065,1704193199691,bid,45460.0,0.16337,1
1200,60,2024-01-02T12:00:00.848860927,1704196799665,ask,45499.0,0.05053,2
1201,60,2024-01-02T12:00:00.848860927,1704196799665,ask,45498.0,3.82313,3
1202,60,2024-01-02T12:00:00.848860927,1704196799665,ask,45490.0,7.17696,2
1203,60,2024-01-02T12:00:00.848860927,1704196799665,ask,45479.0,0.17743,1
1204,60,2024-01-02T12:00:00.848860927,1704196799665,ask,45478.0,0.13962,1
1205,60,2024-01-02T12:00:00.848860927,1704196799665,ask,45477.0,6.87779,2
1206,60,2024-01-02T12:00:00.848860927,1704196799665,ask,45456.0,0.003,1
1207,60,2024-01-02T12:00:00.848860927,1704196799665,ask,45452.0,0.11012,1
1208,60,2024-01-02T12:00:00.848860927,1704196799665,ask,45439.0,7.27371,2
1209,60,2024-01-02T12:00:00.848860927,1704196799665,ask,45374.0,0.02755,1
1210,60,2024-01-02T12:00:00.848860927,1704196799665,bid,45373.0,3.74988,2
1211,60,2024-01-02T12:00:00.848860927,1704196799665,bid,45372.0,4.02914,1
1212,60,2024-01-02T12:00:00.848860927,1704196799665,bid,45328.0,0.02758,1
1213,60,2024-01-02T12:00:00.848860927,1704196799665,bid,45264.0,3.67441,1
1214,60,2024-01-02T12:00:00.848860927,1704196799665,bid,45263.0,3.60056,1
1215,60,2024-01-02T12:00:00.848860927,1704196799665,bid,45210.0,0.07137,1
1216,60,2024-01-02T12:00:00.848860927,1704196799665,bid,45160.0,0.02502,1
1217,60,2024-01-02T12:00:00.848860927,1704196799665,bid,45013.0,0.06948,1
1218,60,2024-01-02T12:00:00.848860927,1704196799665,bid,45000.0,1.55,2
1219,60,2024-01-02T12:00:00.848860927,1704196799665,bid,44990.0,0.05,1
1220,61,2024-01-02T13:00:02.897510760,1704200400157,ask,45373.0,0.2279,3
1221,61,2024-01-02T13:00:02.897510760,1704200400157,ask,45372.0,0.075,1
1222,61,2024-01-02T13:00:02.897510760,1704200400157,ask,45369.0,3.66867,2
1223,61,2024-01-02T13:00:02.897510760,1704200400157,ask,45367.0,0.68754,1
1224,61,2024-01-02T13:00:02.897510760,1704200400157,ask,45361.0,7.61099,2
1225,61,2024-01-02T13:00:02.897510760,1704200400157,ask,45355.0,3.44195,1
1226,61,2024-01-02T13:00:02.897510760,1704200400157,ask,45353.0,3.71296,1
1227,61,2024-01-02T13:00:02.897510760,1704200400157,ask,45341.0,0.42348,2
1228,61,2024-01-02T13:00:02.897510760,1704200400157,ask,45339.0,0.006,1
1229,61,2024-01-02T13:00:02.897510760,1704200400157,ask,45323.0,7.56663,2
1230,61,2024-01-02T13:00:02.897510760,1704200400157,bid,45307.0,0.11047,1
1231,61,2024-01-02T13:00:02.897510760,1704200400157,bid,45276.0,3.94516,1
1232,61,2024-01-02T13:00:02.897510760,1704200400157,bid,45273.0,3.46184,1
1233,61,2024-01-02T13:00:02.897510760,1704200400157,bid,45239.0,0.08289,1
1234,61,2024-01-02T13:00:02.897510760,1704200400157,bid,45238.0,1.14447,1
1235,61,2024-01-02T13:00:02.897510760,1704200400157,bid,45229.0,0.02764,1
1236,61,2024-01-02T13:00:02.897510760,1704200400157,bid,45222.0,0.00299,1
1237,61,2024-01-02T13:00:02.897510760,1704200400157,bid,45210.0,0.07137,1
1238,61,2024-01-02T13:00:02.897510760,1704200400157,bid,45185.0,3.64925,1
1239,61,2024-01-02T13:00:02.897510760,1704200400157,bid,45183.0,0.02767,1
1240,62,2024-01-02T14:00:04.170806198,1704204003023,ask,45710.0,0.075,1
1241,62,2024-01-02T14:00:04.170806198,1704204003023,ask,45699.0,1.70267,1
1242,62,2024-01-02T14:00:04.170806198,1704204003023,ask,45698.0,2.02159,1
1243,62,2024-01-02T14:00:04.170806198,1704204003023,ask,45693.0,7.2614,2
1244,62,2024-01-02T14:00:04.170806198,1704204003023,ask,45684.0,0.02804,1
1245,62,2024-01-02T14:00:04.170806198,1704204003023,ask,45683.0,0.27809,1
1246,62,2024-01-02T14:00:04.170806198,1704204003023,ask,45681.0,7.86623,2
1247,62,2024-01-02T14:00:04.170806198,1704204003023,ask,45660.0,0.10962,1
1248,62,2024-01-02T14:00:04.170806198,1704204003023,ask,45651.0,7.25185,2
1249,62,2024-01-02T14:00:04.170806198,1704204003023,ask,45643.0,0.0026,1
1250,62,2024-01-02T14:00:04.170806198,1704204003023,bid,45602.0,0.02741,1
1251,62,2024-01-02T14:00:04.170806198,1704204003023,bid,45601.0,0.08224,1
1252,62,2024-01-02T14:00:04.170806198,1704204003023,bid,45598.0,3.57094,1
1253,62,2024-01-02T14:00:04.170806198,1704204003023,bid,45592.0,3.50223,1
1254,62,2024-01-02T14:00:04.170806198,1704204003023,bid,45556.0,0.02744,1
1255,62,2024-01-02T14:00:04.170806198,1704204003023,bid,45478.0,4.06199,1
1256,62,2024-01-02T14:00:04.170806198,1704204003023,bid,45477.0,3.53664,1
1257,62,2024-01-02T14:00:04.170806198,1704204003023,bid,45451.0,0.0043,1
1258,62,2024-01-02T14:00:04.170806198,1704204003023,bid,45400.0,0.00676,1
1259,62,2024-01-02T14:00:04.170806198,1704204003023,bid,45264.0,18.63037,1
1260,63,2024-01-02T15:00:02.978234731,1704207600245,ask,45299.0,1.69472,2
1261,63,2024-01-02T15:00:02.978234731,1704207600245,ask,45295.0,1.55798,1
1262,63,2024-01-02T15:00:02.978234731,1704207600245,ask,45289.0,6.13593,2
1263,63,2024-01-02T15:00:02.978234731,1704207600245,ask,45285.0,3.1118,1
1264,63,2024-01-02T15:00:02.978234731,1704207600245,ask,45279.0,3.26935,1
1265,63,2024-01-02T15:00:02.978234731,1704207600245,ask,45272.0,3.42585,1
1266,63,2024-01-02T15:00:02.978234731,1704207600245,ask,45262.0,0.27994,1
1267,63,2024-01-02T15:00:02.978234731,1704207600245,ask,45245.0,0.13756,1
1268,63,2024-01-02T15:00:02.978234731,1704207600245,ask,45244.0,6.31823,3
1269,63,2024-01-02T15:00:02.978234731,1704207600245,ask,45236.0,0.11065,1
1270,63,2024-01-02T15:00:02.978234731,1704207600245,bid,45207.0,0.08295,1
1271,63,2024-01-02T15:00:02.978234731,1704207600245,bid,45206.0,3.86037,1
1272,63,2024-01-02T15:00:02.978234731,1704207600245,bid,45192.0,0.02766,1
1273,63,2024-01-02T15:00:02.978234731,1704207600245,bid,45189.0,3.92556,1
1274,63,2024-01-02T15:00:02.978234731,1704207600245,bid,45146.0,0.02769,1
1275,63,2024-01-02T15:00:02.978234731,1704207600245,bid,45097.0,3.58643,1
1276,63,2024-01-02T15:00:02.978234731,1704207600245,bid,45095.0,3.84209,1
1277,63,2024-01-02T15:00:02.978234731,1704207600245,bid,45033.0,0.00111,1
1278,63,2024-01-02T15:00:02.978234731,1704207600245,bid,45017.0,0.00666,1
1279,63,2024-01-02T15:00:02.978234731,1704207600245,bid,45013.0,0.06948,1
1280,64,2024-01-02T16:00:04.035436160,1704211200915,ask,45222.0,0.07398,1
1281,64,2024-01-02T16:00:04.035436160,1704211200915,ask,45211.0,0.14195,1
1282,64,2024-01-02T16:00:04.035436160,1704211200915,ask,45209.0,3.94379,2
1283,64,2024-01-02T16:00:04.035436160,1704211200915,ask,45202.0,6.94371,2
1284,64,2024-01-02T16:00:04.035436160,1704211200915,ask,45192.0,7.53285,2
1285,64,2024-01-02T16:00:04.035436160,1704211200915,ask,45184.0,0.11077,1
1286,64,2024-01-02T16:00:04.035436160,1704211200915,ask,45181.0,7.81732,2
1287,64,2024-01-02T16:00:04.035436160,1704211200915,ask,45174.0,0.08301,1
1288,64,2024-01-02T16:00:04.035436160,1704211200915,ask,45173.0,0.02767,1
1289,64,2024-01-02T16:00:04.035436160,1704211200915,ask,45172.0,0.0082,1
1290,64,2024-01-02T16:00:04.035436160,1704211200915,bid,45164.0,7.9542,2
1291,64,2024-01-02T16:00:04.035436160,1704211200915,bid,45134.0,7.20122,2
1292,64,2024-01-02T16:00:04.035436160,1704211200915,bid,45127.0,0.0277,1
1293,64,2024-01-02T16:00:04.035436160,1704211200915,bid,45100.0,0.00408,1
1294,64,2024-01-02T16:00:04.035436160,1704211200915,bid,45046.0,3.43221,1
1295,64,2024-01-02T16:00:04.035436160,1704211200915,bid,45041.0,3.82016,1
1296,64,2024-01-02T16:00:04.035436160,1704211200915,bid,44940.0,0.01145,1
1297,64,2024-01-02T16:00:04.035436160,1704211200915,bid,44922.0,0.00222,1
1298,64,2024-01-02T16:00:04.035436160,1704211200915,bid,44892.0,0.00223,1
1299,64,2024-01-02T16:00:04.035436160,1704211200915,bid,44871.0,0.00111,1
1300,65,2024-01-02T17:00:01.252639864,1704214799923,ask,45412.0,0.75692,2
1301,65,2024-01-02T17:00:01.252639864,1704214799923,ask,45410.0,0.09792,1
1302,65,2024-01-02T17:00:01.252639864,1704214799923,ask,45396.0,0.14089,1
1303,65,2024-01-02T17:00:01.252639864,1704214799923,ask,45395.0,0.28199,1
1304,65,2024-01-02T17:00:01.252639864,1704214799923,ask,45393.0,3.97076,2
1305,65,2024-01-02T17:00:01.252639864,1704214799923,ask,45385.0,6.87792,2
1306,65,2024-01-02T17:00:01.252639864,1704214799923,ask,45377.0,0.00098,2
1307,65,2024-01-02T17:00:01.252639864,1704214799923,ask,45372.0,7.46169,2
1308,65,2024-01-02T17:00:01.252639864,1704214799923,ask,45369.0,0.001,2
1309,65,2024-01-02T17:00:01.252639864,1704214799923,ask,45362.0,0.00101,2
1310,65,2024-01-02T17:00:01.252639864,1704214799923,bid,45357.0,0.0037,1
1311,65,2024-01-02T17:00:01.252639864,1704214799923,bid,45354.0,0.00103,2
1312,65,2024-01-02T17:00:01.252639864,1704214799923,bid,45352.0,7.96249,2
1313,65,2024-01-02T17:00:01.252639864,1704214799923,bid,45350.0,0.11037,1
1314,65,2024-01-02T17:00:01.252639864,1704214799923,bid,45346.0,0.00105,2
1315,65,2024-01-02T17:00:01.252639864,1704214799923,bid,45338.0,0.00106,2
1316,65,2024-01-02T17:00:01.252639864,1704214799923,bid,45331.0,0.00107,2
1317,65,2024-01-02T17:00:01.252639864,1704214799923,bid,45323.0,0.00109,2
1318,65,2024-01-02T17:00:01.252639864,1704214799923,bid,45315.0,0.0011,2
1319,65,2024-01-02T17:00:01.252639864,1704214799923,bid,45308.0,0.00112,2
1320,66,2024-01-02T18:00:00.916154474,1704218399698,ask,45000.0,0.00111,1
1321,66,2024-01-02T18:00:00.916154474,1704218399698,ask,44998.0,0.2268,2
1322,66,2024-01-02T18:00:00.916154474,1704218399698,ask,44997.0,3.6016,2
1323,66,2024-01-02T18:00:00.916154474,1704218399698,ask,44994.0,0.09692,1
1324,66,2024-01-02T18:00:00.916154474,1704218399698,ask,44991.0,0.19048,1
1325,66,2024-01-02T18:00:00.916154474,1704218399698,ask,44990.0,0.13746,1
1326,66,2024-01-02T18:00:00.916154474,1704218399698,ask,44989.0,6.94743,3
1327,66,2024-01-02T18:00:00.916154474,1704218399698,ask,44985.0,0.00172,2
1328,66,2024-01-02T18:00:00.916154474,1704218399698,ask,44977.0,0.00174,2
1329,66,2024-01-02T18:00:00.916154474,1704218399698,ask,44972.0,3.53754,1
1330,66,2024-01-02T18:00:00.916154474,1704218399698,bid,44971.0,3.83367,1
1331,66,2024-01-02T18:00:00.916154474,1704218399698,bid,44969.0,0.00176,2
1332,66,2024-01-02T18:00:00.916154474,1704218399698,bid,44965.0,3.39991,1
1333,66,2024-01-02T18:00:00.916154474,1704218399698,bid,44962.0,0.00177,2
1334,66,2024-01-02T18:00:00.916154474,1704218399698,bid,44954.0,0.00178,2
1335,66,2024-01-02T18:00:00.916154474,1704218399698,bid,44946.0,0.02961,3
1336,66,2024-01-02T18:00:00.916154474,1704218399698,bid,44938.0,0.00181,2
1337,66,2024-01-02T18:00:00.916154474,1704218399698,bid,44935.0,3.89774,1
1338,66,2024-01-02T18:00:00.916154474,1704218399698,bid,44931.0,0.00183,2
1339,66,2024-01-02T18:00:00.916154474,1704218399698,bid,44930.0,3.34177,1
1340,67,2024-01-02T19:00:03.970583941,1704222002857,ask,45178.0,0.05729,1
1341,67,2024-01-02T19:00:03.970583941,1704222002857,ask,45177.0,1.44893,2
1342,67,2024-01-02T19:00:03.970583941,1704222002857,ask,45172.0,1.50727,1
1343,67,2024-01-02T19:00:03.970583941,1704222002857,ask,45169.0,3.30651,1
1344,67,2024-01-02T19:00:03.970583941,1704222002857,ask,45163.0,2.95263,1
1345,67,2024-01-02T19:00:03.970583941,1704222002857,ask,45151.0,3.14224,1
1346,67,2024-01-02T19:00:03.970583941,1704222002857,ask,45142.0,6.49198,2
1347,67,2024-01-02T19:00:03.970583941,1704222002857,ask,45125.0,0.0831,1
1348,67,2024-01-02T19:00:03.970583941,1704222002857,ask,45124.0,0.0277,1
1349,67,2024-01-02T19:00:03.970583941,1704222002857,ask,45112.0,0.0086,1
1350,67,2024-01-02T19:00:03.970583941,1704222002857,bid,45108.0,3.06438,1
1351,67,2024-01-02T19:00:03.970583941,1704222002857,bid,45106.0,3.00809,1
1352,67,2024-01-02T19:00:03.970583941,1704222002857,bid,45078.0,0.02773,1
1353,67,2024-01-02T19:00:03.970583941,1704222002857,bid,45051.0,0.0011,1
1354,67,2024-01-02T19:00:03.970583941,1704222002857,bid,45044.0,4.02016,1
1355,67,2024-01-02T19:00:03.970583941,1704222002857,bid,45033.0,3.97832,1
1356,67,2024-01-02T19:00:03.970583941,1704222002857,bid,44969.0,0.00176,2
1357,67,2024-01-02T19:00:03.970583941,1704222002857,bid,44962.0,0.00177,2
1358,67,2024-01-02T19:00:03.970583941,1704222002857,bid,44954.0,0.00178,2
1359,67,2024-01-02T19:00:03.970583941,1704222002857,bid,44946.0,0.0018,2
1360,68,2024-01-02T20:00:02.833613587,1704225600308,ask,45071.0,0.17718,2
1361,68,2024-01-02T20:00:02.833613587,1704225600308,ask,45060.0,3.24412,2
1362,68,2024-01-02T20:00:02.833613587,1704225600308,ask,45054.0,0.0015,1
1363,68,2024-01-02T20:00:02.833613587,1704225600308,ask,45051.0,6.73563,2
1364,68,2024-01-02T20:00:02.833613587,1704225600308,ask,45049.0,0.05755,1
1365,68,2024-01-02T20:00:02.833613587,1704225600308,ask,45047.0,0.0004,1
1366,68,2024-01-02T20:00:02.833613587,1704225600308,ask,45039.0,6.34247,2
1367,68,2024-01-02T20:00:02.833613587,1704225600308,ask,45037.0,0.02775,1
1368,68,2024-01-02T20:00:02.833613587,1704225600308,ask,45021.0,0.08329,1
1369,68,2024-01-02T20:00:02.833613587,1704225600308,ask,45019.0,3.06893,1
1370,68,2024-01-02T20:00:02.833613587,1704225600308,bid,45005.0,6.40322,2
1371,68,2024-01-02T20:00:02.833613587,1704225600308,bid,45004.0,0.11122,1
1372,68,2024-01-02T20:00:02.833613587,1704225600308,bid,44996.0,0.0086,1
