,index,date,timestamp,side,px,sz,n
0,0,2023-12-31T00:00:03.376069364,1703980802613,ask,101.98,9.8,1
1,0,2023-12-31T00:00:03.376069364,1703980802613,ask,101.97,355.24,1
2,0,2023-12-31T00:00:03.376069364,1703980802613,ask,101.96,374.59,1
3,0,2023-12-31T00:00:03.376069364,1703980802613,ask,101.95,706.72,1
4,0,2023-12-31T00:00:03.376069364,1703980802613,ask,101.94,1478.7,2
5,0,2023-12-31T00:00:03.376069364,1703980802613,ask,101.93,736.71,1
6,0,2023-12-31T00:00:03.376069364,1703980802613,ask,101.87,780.82,1
7,0,2023-12-31T00:00:03.376069364,1703980802613,ask,101.86,704.85,1
8,0,2023-12-31T00:00:03.376069364,1703980802613,ask,101.76,709.53,1
9,0,2023-12-31T00:00:03.376069364,1703980802613,ask,101.73,817.98,1
10,0,2023-12-31T00:00:03.376069364,1703980802613,bid,101.56,795.32,1
11,0,2023-12-31T00:00:03.376069364,1703980802613,bid,101.5,766.96,1
12,0,2023-12-31T00:00:03.376069364,1703980802613,bid,101.48,0.25,1
13,0,2023-12-31T00:00:03.376069364,1703980802613,bid,101.3,25.83,1
14,0,2023-12-31T00:00:03.376069364,1703980802613,bid,101.03,3567.95,1
15,0,2023-12-31T00:00:03.376069364,1703980802613,bid,101.0,29.89,2
16,0,2023-12-31T00:00:03.376069364,1703980802613,bid,100.99,3820.4,1
17,0,2023-12-31T00:00:03.376069364,1703980802613,bid,100.68,4.89,1
18,0,2023-12-31T00:00:03.376069364,1703980802613,bid,100.65,3963.86,2
19,0,2023-12-31T00:00:03.376069364,1703980802613,bid,100.51,3642.06,1
20,1,2023-12-31T01:00:02.922140846,1703984400823,ask,102.7,9.6,1
21,1,2023-12-31T01:00:02.922140846,1703984400823,ask,102.66,767.99,2
22,1,2023-12-31T01:00:02.922140846,1703984400823,ask,102.65,1546.9,3
23,1,2023-12-31T01:00:02.922140846,1703984400823,ask,102.62,1477.19,2
24,1,2023-12-31T01:00:02.922140846,1703984400823,ask,102.6,753.02,1
25,1,2023-12-31T01:00:02.922140846,1703984400823,ask,102.58,854.78,1
26,1,2023-12-31T01:00:02.922140846,1703984400823,ask,102.56,777.01,1
27,1,2023-12-31T01:00:02.922140846,1703984400823,ask,102.48,1553.87,2
28,1,2023-12-31T01:00:02.922140846,1703984400823,ask,102.4,14.0,1
29,1,2023-12-31T01:00:02.922140846,1703984400823,ask,102.25,829.65,1
30,1,2023-12-31T01:00:02.922140846,1703984400823,bid,102.23,764.01,1
31,1,2023-12-31T01:00:02.922140846,1703984400823,bid,102.14,0.25,1
32,1,2023-12-31T01:00:02.922140846,1703984400823,bid,101.86,4206.5,1
33,1,2023-12-31T01:00:02.922140846,1703984400823,bid,101.74,4058.04,1
34,1,2023-12-31T01:00:02.922140846,1703984400823,bid,101.37,3782.41,1
35,1,2023-12-31T01:00:02.922140846,1703984400823,bid,101.3,25.83,1
36,1,2023-12-31T01:00:02.922140846,1703984400823,bid,101.26,4201.95,1
37,1,2023-12-31T01:00:02.922140846,1703984400823,bid,101.0,29.89,2
38,1,2023-12-31T01:00:02.922140846,1703984400823,bid,100.68,4.89,1
39,1,2023-12-31T01:00:02.922140846,1703984400823,bid,100.65,4.82,1
40,2,2023-12-31T02:00:00.973951807,1703987999916,ask,101.39,766.44,3
41,2,2023-12-31T02:00:00.973951807,1703987999916,ask,101.38,9.6,1
42,2,2023-12-31T02:00:00.973951807,1703987999916,ask,101.37,1484.06,3
43,2,2023-12-31T02:00:00.973951807,1703987999916,ask,101.34,1490.78,3
44,2,2023-12-31T02:00:00.973951807,1703987999916,ask,101.25,1386.3,2
45,2,2023-12-31T02:00:00.973951807,1703987999916,ask,101.18,748.05,1
46,2,2023-12-31T02:00:00.973951807,1703987999916,ask,101.17,725.89,1
47,2,2023-12-31T02:00:00.973951807,1703987999916,ask,101.0,29.89,2
48,2,2023-12-31T02:00:00.973951807,1703987999916,ask,100.95,750.49,2
49,2,2023-12-31T02:00:00.973951807,1703987999916,ask,100.88,716.67,1
50,2,2023-12-31T02:00:00.973951807,1703987999916,bid,100.86,0.25,1
51,2,2023-12-31T02:00:00.973951807,1703987999916,bid,100.68,4.89,1
52,2,2023-12-31T02:00:00.973951807,1703987999916,bid,100.65,4.82,1
53,2,2023-12-31T02:00:00.973951807,1703987999916,bid,100.54,3898.71,1
54,2,2023-12-31T02:00:00.973951807,1703987999916,bid,100.53,4289.12,1
55,2,2023-12-31T02:00:00.973951807,1703987999916,bid,100.5,77.69,1
56,2,2023-12-31T02:00:00.973951807,1703987999916,bid,100.37,4.89,1
57,2,2023-12-31T02:00:00.973951807,1703987999916,bid,100.31,5.24,1
58,2,2023-12-31T02:00:00.973951807,1703987999916,bid,100.19,5.0,1
59,2,2023-12-31T02:00:00.973951807,1703987999916,bid,100.12,8.74,1
60,3,2023-12-31T03:00:01.074478371,1703991599759,ask,100.77,108.56,2
61,3,2023-12-31T03:00:01.074478371,1703991599759,ask,100.73,758.49,2
62,3,2023-12-31T03:00:01.074478371,1703991599759,ask,100.71,1652.76,3
63,3,2023-12-31T03:00:01.074478371,1703991599759,ask,100.69,1687.63,2
64,3,2023-12-31T03:00:01.074478371,1703991599759,ask,100.67,1519.37,2
65,3,2023-12-31T03:00:01.074478371,1703991599759,ask,100.62,858.65,1
66,3,2023-12-31T03:00:01.074478371,1703991599759,ask,100.61,833.46,1
67,3,2023-12-31T03:00:01.074478371,1703991599759,ask,100.52,1642.22,2
68,3,2023-12-31T03:00:01.074478371,1703991599759,ask,100.36,724.93,1
69,3,2023-12-31T03:00:01.074478371,1703991599759,ask,100.33,840.43,2
70,3,2023-12-31T03:00:01.074478371,1703991599759,bid,100.12,8.74,1
71,3,2023-12-31T03:00:01.074478371,1703991599759,bid,100.01,0.63,1
72,3,2023-12-31T03:00:01.074478371,1703991599759,bid,100.0,456.84,7
73,3,2023-12-31T03:00:01.074478371,1703991599759,bid,99.86,4263.5,1
74,3,2023-12-31T03:00:01.074478371,1703991599759,bid,99.83,4167.54,1
75,3,2023-12-31T03:00:01.074478371,1703991599759,bid,99.82,1.13,1
76,3,2023-12-31T03:00:01.074478371,1703991599759,bid,99.68,15.06,3
77,3,2023-12-31T03:00:01.074478371,1703991599759,bid,99.63,1.64,1
78,3,2023-12-31T03:00:01.074478371,1703991599759,bid,99.6,4.82,1
79,3,2023-12-31T03:00:01.074478371,1703991599759,bid,99.44,2.14,1
80,4,2023-12-31T04:00:03.532196599,1703995200962,ask,100.82,222.27,2
81,4,2023-12-31T04:00:03.532196599,1703995200962,ask,100.78,774.95,2
82,4,2023-12-31T04:00:03.532196599,1703995200962,ask,100.76,1653.5,2
83,4,2023-12-31T04:00:03.532196599,1703995200962,ask,100.72,9.91,1
84,4,2023-12-31T04:00:03.532196599,1703995200962,ask,100.71,1601.3,2
85,4,2023-12-31T04:00:03.532196599,1703995200962,ask,100.68,1581.83,2
86,4,2023-12-31T04:00:03.532196599,1703995200962,ask,100.55,1522.98,2
87,4,2023-12-31T04:00:03.532196599,1703995200962,ask,100.36,801.77,2
88,4,2023-12-31T04:00:03.532196599,1703995200962,ask,100.35,857.69,2
89,4,2023-12-31T04:00:03.532196599,1703995200962,ask,100.3,2.15,1
90,4,2023-12-31T04:00:03.532196599,1703995200962,bid,100.21,2.15,1
91,4,2023-12-31T04:00:03.532196599,1703995200962,bid,100.12,2.15,1
92,4,2023-12-31T04:00:03.532196599,1703995200962,bid,100.08,2651.83,1
93,4,2023-12-31T04:00:03.532196599,1703995200962,bid,100.03,2.15,1
94,4,2023-12-31T04:00:03.532196599,1703995200962,bid,99.94,2.15,1
95,4,2023-12-31T04:00:03.532196599,1703995200962,bid,99.92,8591.81,2
96,4,2023-12-31T04:00:03.532196599,1703995200962,bid,99.85,2.15,1
97,4,2023-12-31T04:00:03.532196599,1703995200962,bid,99.76,2.15,1
98,4,2023-12-31T04:00:03.532196599,1703995200962,bid,99.68,15.06,3
99,4,2023-12-31T04:00:03.532196599,1703995200962,bid,99.67,2.15,1
100,5,2023-12-31T05:00:03.487113097,1703998800494,ask,102.06,61.47,2
101,5,2023-12-31T05:00:03.487113097,1703998800494,ask,102.05,787.14,2
102,5,2023-12-31T05:00:03.487113097,1703998800494,ask,102.04,2314.0,4
103,5,2023-12-31T05:00:03.487113097,1703998800494,ask,102.02,1562.18,2
104,5,2023-12-31T05:00:03.487113097,1703998800494,ask,101.95,1575.75,3
105,5,2023-12-31T05:00:03.487113097,1703998800494,ask,101.83,1637.21,2
106,5,2023-12-31T05:00:03.487113097,1703998800494,ask,101.62,848.67,1
107,5,2023-12-31T05:00:03.487113097,1703998800494,ask,101.57,0.25,1
108,5,2023-12-31T05:00:03.487113097,1703998800494,ask,101.55,847.5,1
109,5,2023-12-31T05:00:03.487113097,1703998800494,ask,101.37,12.35,1
110,5,2023-12-31T05:00:03.487113097,1703998800494,bid,101.1,21.0,1
111,5,2023-12-31T05:00:03.487113097,1703998800494,bid,101.06,7982.44,2
112,5,2023-12-31T05:00:03.487113097,1703998800494,bid,100.72,3996.05,1
113,5,2023-12-31T05:00:03.487113097,1703998800494,bid,100.66,4174.86,1
114,5,2023-12-31T05:00:03.487113097,1703998800494,bid,100.3,2.15,1
115,5,2023-12-31T05:00:03.487113097,1703998800494,bid,100.21,2.15,1
116,5,2023-12-31T05:00:03.487113097,1703998800494,bid,100.12,2.15,1
117,5,2023-12-31T05:00:03.487113097,1703998800494,bid,100.03,2.15,1
118,5,2023-12-31T05:00:03.487113097,1703998800494,bid,99.94,2.15,1
119,5,2023-12-31T05:00:03.487113097,1703998800494,bid,99.85,2.15,1
120,6,2023-12-31T06:00:01.113032980,1704002399781,ask,101.47,51.87,1
121,6,2023-12-31T06:00:01.113032980,1704002399781,ask,101.46,853.76,2
122,6,2023-12-31T06:00:01.113032980,1704002399781,ask,101.45,9.6,1
123,6,2023-12-31T06:00:01.113032980,1704002399781,ask,101.44,1581.43,2
124,6,2023-12-31T06:00:01.113032980,1704002399781,ask,101.41,1583.54,2
125,6,2023-12-31T06:00:01.113032980,1704002399781,ask,101.34,1630.07,2
126,6,2023-12-31T06:00:01.113032980,1704002399781,ask,101.33,9.85,1
127,6,2023-12-31T06:00:01.113032980,1704002399781,ask,101.19,1572.58,2
128,6,2023-12-31T06:00:01.113032980,1704002399781,ask,100.92,0.25,1
129,6,2023-12-31T06:00:01.113032980,1704002399781,ask,100.91,1584.86,2
130,6,2023-12-31T06:00:01.113032980,1704002399781,bid,100.63,3716.39,1
131,6,2023-12-31T06:00:01.113032980,1704002399781,bid,100.58,3959.61,1
132,6,2023-12-31T06:00:01.113032980,1704002399781,bid,100.3,2.15,1
133,6,2023-12-31T06:00:01.113032980,1704002399781,bid,100.21,2.15,1
134,6,2023-12-31T06:00:01.113032980,1704002399781,bid,100.12,2.15,1
135,6,2023-12-31T06:00:01.113032980,1704002399781,bid,100.07,4303.9,1
136,6,2023-12-31T06:00:01.113032980,1704002399781,bid,100.03,2.15,1
137,6,2023-12-31T06:00:01.113032980,1704002399781,bid,100.0,4325.21,1
138,6,2023-12-31T06:00:01.113032980,1704002399781,bid,99.94,2.15,1
139,6,2023-12-31T06:00:01.113032980,1704002399781,bid,99.85,2.15,1
140,7,2023-12-31T07:00:01.244837247,1704005999960,ask,102.64,761.56,2
141,7,2023-12-31T07:00:01.244837247,1704005999960,ask,102.63,790.62,4
142,7,2023-12-31T07:00:01.244837247,1704005999960,ask,102.62,1568.12,2
143,7,2023-12-31T07:00:01.244837247,1704005999960,ask,102.6,1659.44,2
144,7,2023-12-31T07:00:01.244837247,1704005999960,ask,102.59,1549.33,2
145,7,2023-12-31T07:00:01.244837247,1704005999960,ask,102.53,746.95,1
146,7,2023-12-31T07:00:01.244837247,1704005999960,ask,102.52,848.61,1
147,7,2023-12-31T07:00:01.244837247,1704005999960,ask,102.49,9.74,1
148,7,2023-12-31T07:00:01.244837247,1704005999960,ask,102.41,9.0,1
149,7,2023-12-31T07:00:01.244837247,1704005999960,ask,102.4,776.67,1
150,7,2023-12-31T07:00:01.244837247,1704005999960,bid,102.35,841.96,1
151,7,2023-12-31T07:00:01.244837247,1704005999960,bid,102.18,771.09,1
152,7,2023-12-31T07:00:01.244837247,1704005999960,bid,102.14,0.25,1
153,7,2023-12-31T07:00:01.244837247,1704005999960,bid,102.11,830.38,1
154,7,2023-12-31T07:00:01.244837247,1704005999960,bid,101.77,4124.98,1
155,7,2023-12-31T07:00:01.244837247,1704005999960,bid,101.62,3632.06,1
156,7,2023-12-31T07:00:01.244837247,1704005999960,bid,101.33,4259.92,1
157,7,2023-12-31T07:00:01.244837247,1704005999960,bid,101.21,4209.87,1
158,7,2023-12-31T07:00:01.244837247,1704005999960,bid,100.46,3864.65,1
159,7,2023-12-31T07:00:01.244837247,1704005999960,bid,100.45,4148.59,1
160,8,2023-12-31T08:00:00.912129357,1704009599608,ask,104.12,4.0,1
161,8,2023-12-31T08:00:00.912129357,1704009599608,ask,104.11,9.6,1
162,8,2023-12-31T08:00:00.912129357,1704009599608,ask,104.08,763.2,2
163,8,2023-12-31T08:00:00.912129357,1704009599608,ask,104.07,1817.56,3
164,8,2023-12-31T08:00:00.912129357,1704009599608,ask,104.05,1604.13,2
165,8,2023-12-31T08:00:00.912129357,1704009599608,ask,104.0,1515.46,2
166,8,2023-12-31T08:00:00.912129357,1704009599608,ask,103.89,776.32,1
167,8,2023-12-31T08:00:00.912129357,1704009599608,ask,103.87,696.11,1
168,8,2023-12-31T08:00:00.912129357,1704009599608,ask,103.8,5.0,1
169,8,2023-12-31T08:00:00.912129357,1704009599608,ask,103.79,150.0,1
170,8,2023-12-31T08:00:00.912129357,1704009599608,bid,103.72,714.55,1
171,8,2023-12-31T08:00:00.912129357,1704009599608,bid,103.71,150.0,1
172,8,2023-12-31T08:00:00.912129357,1704009599608,bid,103.64,935.14,2
173,8,2023-12-31T08:00:00.912129357,1704009599608,bid,103.61,0.25,1
174,8,2023-12-31T08:00:00.912129357,1704009599608,bid,103.57,150.0,1
175,8,2023-12-31T08:00:00.912129357,1704009599608,bid,103.5,150.0,1
176,8,2023-12-31T08:00:00.912129357,1704009599608,bid,103.43,150.0,1
177,8,2023-12-31T08:00:00.912129357,1704009599608,bid,103.36,150.0,1
178,8,2023-12-31T08:00:00.912129357,1704009599608,bid,103.32,4030.28,1
179,8,2023-12-31T08:00:00.912129357,1704009599608,bid,103.3,3568.64,1
180,9,2023-12-31T09:00:02.845659782,1704013200138,ask,104.23,9.59,1
181,9,2023-12-31T09:00:02.845659782,1704013200138,ask,104.2,774.01,2
182,9,2023-12-31T09:00:02.845659782,1704013200138,ask,104.17,1581.97,2
183,9,2023-12-31T09:00:02.845659782,1704013200138,ask,104.15,1540.96,2
184,9,2023-12-31T09:00:02.845659782,1704013200138,ask,104.08,771.8,1
185,9,2023-12-31T09:00:02.845659782,1704013200138,ask,104.07,755.39,1
186,9,2023-12-31T09:00:02.845659782,1704013200138,ask,103.96,840.93,1
187,9,2023-12-31T09:00:02.845659782,1704013200138,ask,103.94,826.06,1
188,9,2023-12-31T09:00:02.845659782,1704013200138,ask,103.73,1502.49,3
189,9,2023-12-31T09:00:02.845659782,1704013200138,ask,103.5,150.0,1
190,9,2023-12-31T09:00:02.845659782,1704013200138,bid,103.43,150.0,1
191,9,2023-12-31T09:00:02.845659782,1704013200138,bid,103.36,150.0,1
192,9,2023-12-31T09:00:02.845659782,1704013200138,bid,103.29,150.0,1
193,9,2023-12-31T09:00:02.845659782,1704013200138,bid,103.22,3801.36,1
194,9,2023-12-31T09:00:02.845659782,1704013200138,bid,103.21,150.0,1
195,9,2023-12-31T09:00:02.845659782,1704013200138,bid,103.15,4214.87,1
196,9,2023-12-31T09:00:02.845659782,1704013200138,bid,103.14,150.0,1
197,9,2023-12-31T09:00:02.845659782,1704013200138,bid,103.07,150.0,1
198,9,2023-12-31T09:00:02.845659782,1704013200138,bid,103.0,150.0,1
199,9,2023-12-31T09:00:02.845659782,1704013200138,bid,102.93,150.0,1
200,10,2023-12-31T10:00:03.448800972,1704016800175,ask,104.66,150.8,1
201,10,2023-12-31T10:00:03.448800972,1704016800175,ask,104.65,393.32,1
202,10,2023-12-31T10:00:03.448800972,1704016800175,ask,104.63,692.57,1
203,10,2023-12-31T10:00:03.448800972,1704016800175,ask,104.61,420.2,1
204,10,2023-12-31T10:00:03.448800972,1704016800175,ask,104.6,746.36,2
205,10,2023-12-31T10:00:03.448800972,1704016800175,ask,104.59,786.26,1
206,10,2023-12-31T10:00:03.448800972,1704016800175,ask,104.56,699.38,1
207,10,2023-12-31T10:00:03.448800972,1704016800175,ask,104.53,774.11,1
208,10,2023-12-31T10:00:03.448800972,1704016800175,ask,104.52,822.44,1
209,10,2023-12-31T10:00:03.448800972,1704016800175,ask,104.48,815.51,1
210,10,2023-12-31T10:00:03.448800972,1704016800175,bid,104.44,3.9,1
211,10,2023-12-31T10:00:03.448800972,1704016800175,bid,104.4,1.02,1
212,10,2023-12-31T10:00:03.448800972,1704016800175,bid,104.35,1521.77,2
213,10,2023-12-31T10:00:03.448800972,1704016800175,bid,104.34,1.06,1
214,10,2023-12-31T10:00:03.448800972,1704016800175,bid,104.28,1.11,1
215,10,2023-12-31T10:00:03.448800972,1704016800175,bid,104.22,1.16,1
216,10,2023-12-31T10:00:03.448800972,1704016800175,bid,104.16,1.2,1
217,10,2023-12-31T10:00:03.448800972,1704016800175,bid,104.14,1586.11,2
218,10,2023-12-31T10:00:03.448800972,1704016800175,bid,104.13,0.25,1
219,10,2023-12-31T10:00:03.448800972,1704016800175,bid,104.1,1.25,1
220,11,2023-12-31T11:00:00.826005689,1704020399543,ask,104.34,767.05,2
221,11,2023-12-31T11:00:00.826005689,1704020399543,ask,104.33,222.65,3
222,11,2023-12-31T11:00:00.826005689,1704020399543,ask,104.32,2165.83,4
223,11,2023-12-31T11:00:00.826005689,1704020399543,ask,104.3,2965.05,4
224,11,2023-12-31T11:00:00.826005689,1704020399543,ask,104.28,1516.11,2
225,11,2023-12-31T11:00:00.826005689,1704020399543,ask,104.21,1589.57,2
226,11,2023-12-31T11:00:00.826005689,1704020399543,ask,104.16,1.2,1
227,11,2023-12-31T11:00:00.826005689,1704020399543,ask,104.1,1588.5,3
228,11,2023-12-31T11:00:00.826005689,1704020399543,ask,104.05,1.3,1
229,11,2023-12-31T11:00:00.826005689,1704020399543,ask,103.99,1.34,1
230,11,2023-12-31T11:00:00.826005689,1704020399543,bid,103.93,1.39,1
231,11,2023-12-31T11:00:00.826005689,1704020399543,bid,103.87,1.44,1
232,11,2023-12-31T11:00:00.826005689,1704020399543,bid,103.86,0.25,1
233,11,2023-12-31T11:00:00.826005689,1704020399543,bid,103.82,760.51,1
234,11,2023-12-31T11:00:00.826005689,1704020399543,bid,103.81,1.48,1
235,11,2023-12-31T11:00:00.826005689,1704020399543,bid,103.8,799.73,1
236,11,2023-12-31T11:00:00.826005689,1704020399543,bid,103.75,1.53,1
237,11,2023-12-31T11:00:00.826005689,1704020399543,bid,103.69,1.58,1
238,11,2023-12-31T11:00:00.826005689,1704020399543,bid,103.64,1.62,1
239,11,2023-12-31T11:00:00.826005689,1704020399543,bid,103.58,1.67,1
240,12,2023-12-31T12:00:01.275835578,1704023999953,ask,104.48,178.93,1
241,12,2023-12-31T12:00:01.275835578,1704023999953,ask,104.46,411.69,2
242,12,2023-12-31T12:00:01.275835578,1704023999953,ask,104.45,2391.53,4
243,12,2023-12-31T12:00:01.275835578,1704023999953,ask,104.44,817.95,1
244,12,2023-12-31T12:00:01.275835578,1704023999953,ask,104.42,1587.19,2
245,12,2023-12-31T12:00:01.275835578,1704023999953,ask,104.38,9.57,1
246,12,2023-12-31T12:00:01.275835578,1704023999953,ask,104.35,764.87,1
247,12,2023-12-31T12:00:01.275835578,1704023999953,ask,104.33,726.44,1
248,12,2023-12-31T12:00:01.275835578,1704023999953,ask,104.21,731.47,1
249,12,2023-12-31T12:00:01.275835578,1704023999953,ask,104.2,781.18,1
250,12,2023-12-31T12:00:01.275835578,1704023999953,bid,103.99,1.34,1
251,12,2023-12-31T12:00:01.275835578,1704023999953,bid,103.95,1558.63,2
252,12,2023-12-31T12:00:01.275835578,1704023999953,bid,103.93,1.64,2
253,12,2023-12-31T12:00:01.275835578,1704023999953,bid,103.87,1.44,1
254,12,2023-12-31T12:00:01.275835578,1704023999953,bid,103.81,1.48,1
255,12,2023-12-31T12:00:01.275835578,1704023999953,bid,103.75,1.53,1
256,12,2023-12-31T12:00:01.275835578,1704023999953,bid,103.69,1.58,1
257,12,2023-12-31T12:00:01.275835578,1704023999953,bid,103.64,1.62,1
258,12,2023-12-31T12:00:01.275835578,1704023999953,bid,103.58,1.67,1
259,12,2023-12-31T12:00:01.275835578,1704023999953,bid,103.52,1.72,1
260,13,2023-12-31T13:00:00.953166120,1704027599864,ask,103.52,847.4,4
261,13,2023-12-31T13:00:00.953166120,1704027599864,ask,103.51,1138.96,3
262,13,2023-12-31T13:00:00.953166120,1704027599864,ask,103.5,729.58,1
263,13,2023-12-31T13:00:00.953166120,1704027599864,ask,103.49,1568.03,2
264,13,2023-12-31T13:00:00.953166120,1704027599864,ask,103.47,1566.37,2
265,13,2023-12-31T13:00:00.953166120,1704027599864,ask,103.41,9.65,1
266,13,2023-12-31T13:00:00.953166120,1704027599864,ask,103.4,1611.01,2
267,13,2023-12-31T13:00:00.953166120,1704027599864,ask,103.37,1485.62,2
268,13,2023-12-31T13:00:00.953166120,1704027599864,ask,103.25,723.14,1
269,13,2023-12-31T13:00:00.953166120,1704027599864,ask,103.23,784.57,1
270,13,2023-12-31T13:00:00.953166120,1704027599864,bid,103.21,142.0,1
271,13,2023-12-31T13:00:00.953166120,1704027599864,bid,103.14,150.0,1
272,13,2023-12-31T13:00:00.953166120,1704027599864,bid,103.07,150.0,1
273,13,2023-12-31T13:00:00.953166120,1704027599864,bid,103.02,799.5,1
274,13,2023-12-31T13:00:00.953166120,1704027599864,bid,103.01,0.25,1
275,13,2023-12-31T13:00:00.953166120,1704027599864,bid,103.0,150.0,1
276,13,2023-12-31T13:00:00.953166120,1704027599864,bid,102.97,766.64,1
277,13,2023-12-31T13:00:00.953166120,1704027599864,bid,102.93,150.0,1
278,13,2023-12-31T13:00:00.953166120,1704027599864,bid,102.86,150.0,1
279,13,2023-12-31T13:00:00.953166120,1704027599864,bid,102.81,12.18,1
280,14,2023-12-31T14:00:03.209423071,1704031200021,ask,103.37,536.34,4
281,14,2023-12-31T14:00:03.209423071,1704031200021,ask,103.36,759.87,2
282,14,2023-12-31T14:00:03.209423071,1704031200021,ask,103.35,809.48,1
283,14,2023-12-31T14:00:03.209423071,1704031200021,ask,103.34,829.51,1
284,14,2023-12-31T14:00:03.209423071,1704031200021,ask,103.33,1536.99,2
285,14,2023-12-31T14:00:03.209423071,1704031200021,ask,103.27,9.67,1
286,14,2023-12-31T14:00:03.209423071,1704031200021,ask,103.25,1528.11,2
287,14,2023-12-31T14:00:03.209423071,1704031200021,ask,103.14,792.73,1
288,14,2023-12-31T14:00:03.209423071,1704031200021,ask,103.12,743.4,2
289,14,2023-12-31T14:00:03.209423071,1704031200021,ask,102.94,795.01,1
290,14,2023-12-31T14:00:03.209423071,1704031200021,bid,102.88,808.62,2
291,14,2023-12-31T14:00:03.209423071,1704031200021,bid,102.79,150.0,1
292,14,2023-12-31T14:00:03.209423071,1704031200021,bid,102.71,150.0,1
293,14,2023-12-31T14:00:03.209423071,1704031200021,bid,102.64,150.0,1
294,14,2023-12-31T14:00:03.209423071,1704031200021,bid,102.57,150.0,1
295,14,2023-12-31T14:00:03.209423071,1704031200021,bid,102.53,4048.35,1
296,14,2023-12-31T14:00:03.209423071,1704031200021,bid,102.5,150.0,1
297,14,2023-12-31T14:00:03.209423071,1704031200021,bid,102.45,3553.03,1
298,14,2023-12-31T14:00:03.209423071,1704031200021,bid,102.43,150.0,1
299,14,2023-12-31T14:00:03.209423071,1704031200021,bid,102.36,150.0,1
300,15,2023-12-31T15:00:03.040684316,1704034800243,ask,103.14,789.45,2
301,15,2023-12-31T15:00:03.040684316,1704034800243,ask,103.13,10.1,2
302,15,2023-12-31T15:00:03.040684316,1704034800243,ask,103.12,2224.29,4
303,15,2023-12-31T15:00:03.040684316,1704034800243,ask,103.1,1447.28,3
304,15,2023-12-31T15:00:03.040684316,1704034800243,ask,103.08,1484.07,2
305,15,2023-12-31T15:00:03.040684316,1704034800243,ask,103.02,1583.59,2
306,15,2023-12-31T15:00:03.040684316,1704034800243,ask,102.98,1451.91,2
307,15,2023-12-31T15:00:03.040684316,1704034800243,ask,102.88,854.44,1
308,15,2023-12-31T15:00:03.040684316,1704034800243,ask,102.85,843.59,1
309,15,2023-12-31T15:00:03.040684316,1704034800243,ask,102.79,150.0,1
310,15,2023-12-31T15:00:03.040684316,1704034800243,bid,102.71,150.0,1
311,15,2023-12-31T15:00:03.040684316,1704034800243,bid,102.64,150.0,1
312,15,2023-12-31T15:00:03.040684316,1704034800243,bid,102.61,0.25,1
313,15,2023-12-31T15:00:03.040684316,1704034800243,bid,102.6,845.15,1
314,15,2023-12-31T15:00:03.040684316,1704034800243,bid,102.57,888.38,2
315,15,2023-12-31T15:00:03.040684316,1704034800243,bid,102.5,150.0,1
316,15,2023-12-31T15:00:03.040684316,1704034800243,bid,102.43,150.0,1
317,15,2023-12-31T15:00:03.040684316,1704034800243,bid,102.36,150.0,1
318,15,2023-12-31T15:00:03.040684316,1704034800243,bid,102.29,150.0,1
319,15,2023-12-31T15:00:03.040684316,1704034800243,bid,102.21,150.0,1
320,16,2023-12-31T16:00:00.930677045,1704038399483,ask,102.66,8.0,1
321,16,2023-12-31T16:00:00.930677045,1704038399483,ask,102.65,9.73,1
322,16,2023-12-31T16:00:00.930677045,1704038399483,ask,102.61,796.52,2
323,16,2023-12-31T16:00:00.930677045,1704038399483,ask,102.6,1533.46,2
324,16,2023-12-31T16:00:00.930677045,1704038399483,ask,102.58,1501.86,2
325,16,2023-12-31T16:00:00.930677045,1704038399483,ask,102.5,1463.41,2
326,16,2023-12-31T16:00:00.930677045,1704038399483,ask,102.4,1522.22,2
327,16,2023-12-31T16:00:00.930677045,1704038399483,ask,102.29,115.43,1
328,16,2023-12-31T16:00:00.930677045,1704038399483,ask,102.21,872.76,2
329,16,2023-12-31T16:00:00.930677045,1704038399483,ask,102.16,807.07,2
330,16,2023-12-31T16:00:00.930677045,1704038399483,bid,102.14,150.0,1
331,16,2023-12-31T16:00:00.930677045,1704038399483,bid,102.07,150.0,1
332,16,2023-12-31T16:00:00.930677045,1704038399483,bid,102.0,175.0,2
333,16,2023-12-31T16:00:00.930677045,1704038399483,bid,101.93,150.0,1
334,16,2023-12-31T16:00:00.930677045,1704038399483,bid,101.86,150.0,1
335,16,2023-12-31T16:00:00.930677045,1704038399483,bid,101.81,7531.56,2
336,16,2023-12-31T16:00:00.930677045,1704038399483,bid,101.79,150.0,1
337,16,2023-12-31T16:00:00.930677045,1704038399483,bid,101.71,150.0,1
338,16,2023-12-31T16:00:00.930677045,1704038399483,bid,101.64,150.0,1
339,16,2023-12-31T16:00:00.930677045,1704038399483,bid,101.57,150.0,1
340,17,2023-12-31T17:00:01.190424302,1704041999588,ask,103.57,50.72,2
341,17,2023-12-31T17:00:01.190424302,1704041999588,ask,103.55,745.24,2
342,17,2023-12-31T17:00:01.190424302,1704041999588,ask,103.53,1476.81,2
343,17,2023-12-31T17:00:01.190424302,1704041999588,ask,103.51,1617.72,2
344,17,2023-12-31T17:00:01.190424302,1704041999588,ask,103.49,754.42,1
345,17,2023-12-31T17:00:01.190424302,1704041999588,ask,103.45,1615.71,2
346,17,2023-12-31T17:00:01.190424302,1704041999588,ask,103.33,1546.43,2
347,17,2023-12-31T17:00:01.190424302,1704041999588,ask,103.08,0.25,1
348,17,2023-12-31T17:00:01.190424302,1704041999588,ask,103.02,1565.19,2
349,17,2023-12-31T17:00:01.190424302,1704041999588,ask,102.6,7738.09,2
350,17,2023-12-31T17:00:01.190424302,1704041999588,bid,102.29,115.43,1
351,17,2023-12-31T17:00:01.190424302,1704041999588,bid,102.21,150.0,1
352,17,2023-12-31T17:00:01.190424302,1704041999588,bid,102.19,3777.57,1
353,17,2023-12-31T17:00:01.190424302,1704041999588,bid,102.14,150.0,1
354,17,2023-12-31T17:00:01.190424302,1704041999588,bid,102.07,150.0,1
355,17,2023-12-31T17:00:01.190424302,1704041999588,bid,102.03,4017.99,1
356,17,2023-12-31T17:00:01.190424302,1704041999588,bid,102.0,175.0,2
357,17,2023-12-31T17:00:01.190424302,1704041999588,bid,101.93,150.0,1
358,17,2023-12-31T17:00:01.190424302,1704041999588,bid,101.86,150.0,1
359,17,2023-12-31T17:00:01.190424302,1704041999588,bid,101.79,150.0,1
360,18,2023-12-31T18:00:00.917903014,1704045599555,ask,104.39,714.41,2
361,18,2023-12-31T18:00:00.917903014,1704045599555,ask,104.37,1646.71,2
362,18,2023-12-31T18:00:00.917903014,1704045599555,ask,104.35,1651.36,2
363,18,2023-12-31T18:00:00.917903014,1704045599555,ask,104.3,1505.36,2
364,18,2023-12-31T18:00:00.917903014,1704045599555,ask,104.14,1504.77,2
365,18,2023-12-31T18:00:00.917903014,1704045599555,ask,103.98,822.98,1
366,18,2023-12-31T18:00:00.917903014,1704045599555,ask,103.92,12.3,2
367,18,2023-12-31T18:00:00.917903014,1704045599555,ask,103.87,769.7,1
368,18,2023-12-31T18:00:00.917903014,1704045599555,ask,103.54,0.21,1
369,18,2023-12-31T18:00:00.917903014,1704045599555,ask,103.51,0.21,1
370,18,2023-12-31T18:00:00.917903014,1704045599555,bid,103.48,0.22,1
371,18,2023-12-31T18:00:00.917903014,1704045599555,bid,103.46,0.22,1
372,18,2023-12-31T18:00:00.917903014,1704045599555,bid,103.45,3596.65,1
373,18,2023-12-31T18:00:00.917903014,1704045599555,bid,103.43,0.23,1
374,18,2023-12-31T18:00:00.917903014,1704045599555,bid,103.4,0.23,1
375,18,2023-12-31T18:00:00.917903014,1704045599555,bid,103.37,4228.59,2
376,18,2023-12-31T18:00:00.917903014,1704045599555,bid,103.34,0.24,1
377,18,2023-12-31T18:00:00.917903014,1704045599555,bid,103.31,0.24,1
378,18,2023-12-31T18:00:00.917903014,1704045599555,bid,103.29,0.25,1
379,18,2023-12-31T18:00:00.917903014,1704045599555,bid,103.26,0.25,1
380,19,2023-12-31T19:00:00.859148489,1704049199848,ask,104.1,22.76,2
381,19,2023-12-31T19:00:00.859148489,1704049199848,ask,104.09,743.57,2
382,19,2023-12-31T19:00:00.859148489,1704049199848,ask,104.08,716.71,2
383,19,2023-12-31T19:00:00.859148489,1704049199848,ask,104.07,727.86,1
384,19,2023-12-31T19:00:00.859148489,1704049199848,ask,104.06,843.44,1
385,19,2023-12-31T19:00:00.859148489,1704049199848,ask,104.05,728.41,1
386,19,2023-12-31T19:00:00.859148489,1704049199848,ask,104.04,1525.68,2
387,19,2023-12-31T19:00:00.859148489,1704049199848,ask,104.02,818.48,1
388,19,2023-12-31T19:00:00.859148489,1704049199848,ask,103.98,759.85,1
389,19,2023-12-31T19:00:00.859148489,1704049199848,ask,103.95,814.55,1
390,19,2023-12-31T19:00:00.859148489,1704049199848,bid,103.91,3.9,1
391,19,2023-12-31T19:00:00.859148489,1704049199848,bid,103.83,1558.3,2
392,19,2023-12-31T19:00:00.859148489,1704049199848,bid,103.65,719.79,1
393,19,2023-12-31T19:00:00.859148489,1704049199848,bid,103.6,782.62,1
394,19,2023-12-31T19:00:00.859148489,1704049199848,bid,103.58,0.25,1
395,19,2023-12-31T19:00:00.859148489,1704049199848,bid,103.54,0.21,1
396,19,2023-12-31T19:00:00.859148489,1704049199848,bid,103.51,0.21,1
397,19,2023-12-31T19:00:00.859148489,1704049199848,bid,103.48,0.22,1
398,19,2023-12-31T19:00:00.859148489,1704049199848,bid,103.46,0.22,1
399,19,2023-12-31T19:00:00.859148489,1704049199848,bid,103.43,0.23,1
400,20,2023-12-31T20:00:03.634337516,1704052800001,ask,103.89,13.61,2
401,20,2023-12-31T20:00:03.634337516,1704052800001,ask,103.87,1583.05,5
402,20,2023-12-31T20:00:03.634337516,1704052800001,ask,103.86,758.66,1
403,20,2023-12-31T20:00:03.634337516,1704052800001,ask,103.84,762.22,1
404,20,2023-12-31T20:00:03.634337516,1704052800001,ask,103.82,792.22,1
405,20,2023-12-31T20:00:03.634337516,1704052800001,ask,103.76,748.51,1
406,20,2023-12-31T20:00:03.634337516,1704052800001,ask,103.75,737.45,1
407,20,2023-12-31T20:00:03.634337516,1704052800001,ask,103.65,811.23,1
408,20,2023-12-31T20:00:03.634337516,1704052800001,ask,103.6,794.84,2
409,20,2023-12-31T20:00:03.634337516,1704052800001,ask,103.54,0.21,1
410,20,2023-12-31T20:00:03.634337516,1704052800001,bid,103.51,0.21,1
411,20,2023-12-31T20:00:03.634337516,1704052800001,bid,103.48,0.22,1
412,20,2023-12-31T20:00:03.634337516,1704052800001,bid,103.46,0.22,1
413,20,2023-12-31T20:00:03.634337516,1704052800001,bid,103.43,0.23,1
414,20,2023-12-31T20:00:03.634337516,1704052800001,bid,103.4,0.23,1
415,20,2023-12-31T20:00:03.634337516,1704052800001,bid,103.37,822.3,2
416,20,2023-12-31T20:00:03.634337516,1704052800001,bid,103.36,0.25,1
417,20,2023-12-31T20:00:03.634337516,1704052800001,bid,103.34,0.24,1
418,20,2023-12-31T20:00:03.634337516,1704052800001,bid,103.32,714.6,1
419,20,2023-12-31T20:00:03.634337516,1704052800001,bid,103.31,0.24,1
420,21,2023-12-31T21:00:03.610531222,1704056401097,ask,104.87,11.82,1
421,21,2023-12-31T21:00:03.610531222,1704056401097,ask,104.85,351.75,2
422,21,2023-12-31T21:00:03.610531222,1704056401097,ask,104.84,792.06,2
423,21,2023-12-31T21:00:03.610531222,1704056401097,ask,104.8,713.8,3
424,21,2023-12-31T21:00:03.610531222,1704056401097,ask,104.69,724.76,2
425,21,2023-12-31T21:00:03.610531222,1704056401097,ask,104.48,1547.41,2
426,21,2023-12-31T21:00:03.610531222,1704056401097,ask,104.34,0.25,1
427,21,2023-12-31T21:00:03.610531222,1704056401097,ask,104.13,1539.55,2
428,21,2023-12-31T21:00:03.610531222,1704056401097,ask,103.6,25.75,1
429,21,2023-12-31T21:00:03.610531222,1704056401097,ask,103.4,3955.02,1
430,21,2023-12-31T21:00:03.610531222,1704056401097,bid,103.39,4158.71,1
431,21,2023-12-31T21:00:03.610531222,1704056401097,bid,103.0,2.25,1
432,21,2023-12-31T21:00:03.610531222,1704056401097,bid,102.65,3870.67,1
433,21,2023-12-31T21:00:03.610531222,1704056401097,bid,102.48,3819.23,1
434,21,2023-12-31T21:00:03.610531222,1704056401097,bid,102.29,115.43,1
435,21,2023-12-31T21:00:03.610531222,1704056401097,bid,102.21,150.0,1
436,21,2023-12-31T21:00:03.610531222,1704056401097,bid,102.14,150.0,1
437,21,2023-12-31T21:00:03.610531222,1704056401097,bid,102.07,150.0,1
438,21,2023-12-31T21:00:03.610531222,1704056401097,bid,102.0,175.0,2
439,21,2023-12-31T21:00:03.610531222,1704056401097,bid,101.93,150.0,1
440,22,2023-12-31T22:00:00.979480626,1704059999626,ask,103.94,4.0,1
441,22,2023-12-31T22:00:00.979480626,1704059999626,ask,103.93,644.61,2
442,22,2023-12-31T22:00:00.979480626,1704059999626,ask,103.91,1189.52,2
443,22,2023-12-31T22:00:00.979480626,1704059999626,ask,103.88,1308.1,2
444,22,2023-12-31T22:00:00.979480626,1704059999626,ask,103.86,9.61,1
445,22,2023-12-31T22:00:00.979480626,1704059999626,ask,103.83,1221.33,2
446,22,2023-12-31T22:00:00.979480626,1704059999626,ask,103.68,803.02,1
447,22,2023-12-31T22:00:00.979480626,1704059999626,ask,103.65,821.83,1
448,22,2023-12-31T22:00:00.979480626,1704059999626,ask,103.6,25.75,1
449,22,2023-12-31T22:00:00.979480626,1704059999626,ask,103.5,819.34,1
450,22,2023-12-31T22:00:00.979480626,1704059999626,bid,103.48,829.13,1
451,22,2023-12-31T22:00:00.979480626,1704059999626,bid,103.45,0.25,1
452,22,2023-12-31T22:00:00.979480626,1704059999626,bid,103.0,2.25,1
453,22,2023-12-31T22:00:00.979480626,1704059999626,bid,102.93,3791.72,1
454,22,2023-12-31T22:00:00.979480626,1704059999626,bid,102.89,4114.08,1
455,22,2023-12-31T22:00:00.979480626,1704059999626,bid,102.5,2.98,1
456,22,2023-12-31T22:00:00.979480626,1704059999626,bid,102.34,3951.3,1
457,22,2023-12-31T22:00:00.979480626,1704059999626,bid,102.29,115.43,1
458,22,2023-12-31T22:00:00.979480626,1704059999626,bid,102.28,3672.77,1
459,22,2023-12-31T22:00:00.979480626,1704059999626,bid,102.21,150.0,1
460,23,2023-12-31T23:00:01.038979041,1704063599696,ask,100.57,621.26,2
461,23,2023-12-31T23:00:01.038979041,1704063599696,ask,100.54,1277.1,4
462,23,2023-12-31T23:00:01.038979041,1704063599696,ask,100.53,616.04,1
463,23,2023-12-31T23:00:01.038979041,1704063599696,ask,100.51,580.83,1
464,23,2023-12-31T23:00:01.038979041,1704063599696,ask,100.43,604.97,1
465,23,2023-12-31T23:00:01.038979041,1704063599696,ask,100.42,559.92,1
466,23,2023-12-31T23:00:01.038979041,1704063599696,ask,100.27,787.49,1
467,23,2023-12-31T23:00:01.038979041,1704063599696,ask,100.26,748.08,1
468,23,2023-12-31T23:00:01.038979041,1704063599696,ask,100.06,0.25,1
469,23,2023-12-31T23:00:01.038979041,1704063599696,ask,100.02,796.49,1
470,23,2023-12-31T23:00:01.038979041,1704063599696,bid,100.01,860.6,1
471,23,2023-12-31T23:00:01.038979041,1704063599696,bid,99.93,5.04,1
472,23,2023-12-31T23:00:01.038979041,1704063599696,bid,99.87,150.0,1
473,23,2023-12-31T23:00:01.038979041,1704063599696,bid,99.63,1.64,1
474,23,2023-12-31T23:00:01.038979041,1704063599696,bid,99.6,4.82,1
475,23,2023-12-31T23:00:01.038979041,1704063599696,bid,99.51,3517.07,1
476,23,2023-12-31T23:00:01.038979041,1704063599696,bid,99.44,2.14,1
477,23,2023-12-31T23:00:01.038979041,1704063599696,bid,99.31,4300.02,1
478,23,2023-12-31T23:00:01.038979041,1704063599696,bid,99.25,36.32,2
479,23,2023-12-31T23:00:01.038979041,1704063599696,bid,99.06,3.15,1
480,24,2024-01-01T00:00:05.168412975,1704067204224,ask,101.79,362.19,1
481,24,2024-01-01T00:00:05.168412975,1704067204224,ask,101.78,747.79,1
482,24,2024-01-01T00:00:05.168412975,1704067204224,ask,101.77,370.12,1
483,24,2024-01-01T00:00:05.168412975,1704067204224,ask,101.76,1536.36,2
484,24,2024-01-01T00:00:05.168412975,1704067204224,ask,101.73,838.53,1
485,24,2024-01-01T00:00:05.168412975,1704067204224,ask,101.71,784.81,1
486,24,2024-01-01T00:00:05.168412975,1704067204224,ask,101.68,723.62,1
487,24,2024-01-01T00:00:05.168412975,1704067204224,ask,101.66,843.21,1
488,24,2024-01-01T00:00:05.168412975,1704067204224,ask,101.59,781.71,1
489,24,2024-01-01T00:00:05.168412975,1704067204224,ask,101.58,724.31,1
490,24,2024-01-01T00:00:05.168412975,1704067204224,bid,101.34,0.25,1
491,24,2024-01-01T00:00:05.168412975,1704067204224,bid,101.29,814.01,1
492,24,2024-01-01T00:00:05.168412975,1704067204224,bid,101.27,855.58,1
493,24,2024-01-01T00:00:05.168412975,1704067204224,bid,101.25,40.36,2
494,24,2024-01-01T00:00:05.168412975,1704067204224,bid,100.7,3921.17,1
495,24,2024-01-01T00:00:05.168412975,1704067204224,bid,100.69,3987.68,1
496,24,2024-01-01T00:00:05.168412975,1704067204224,bid,100.37,4321.42,1
497,24,2024-01-01T00:00:05.168412975,1704067204224,bid,100.26,4111.72,1
498,24,2024-01-01T00:00:05.168412975,1704067204224,bid,99.93,5.04,1
499,24,2024-01-01T00:00:05.168412975,1704067204224,bid,99.63,1.64,1
500,25,2024-01-01T01:00:02.832630282,1704070800455,ask,102.08,174.58,2
501,25,2024-01-01T01:00:02.832630282,1704070800455,ask,102.04,734.02,2
502,25,2024-01-01T01:00:02.832630282,1704070800455,ask,102.02,1669.34,2
503,25,2024-01-01T01:00:02.832630282,1704070800455,ask,102.0,772.0,1
504,25,2024-01-01T01:00:02.832630282,1704070800455,ask,101.99,779.1,1
505,25,2024-01-01T01:00:02.832630282,1704070800455,ask,101.97,749.01,1
506,25,2024-01-01T01:00:02.832630282,1704070800455,ask,101.93,851.2,1
507,25,2024-01-01T01:00:02.832630282,1704070800455,ask,101.92,852.12,1
508,25,2024-01-01T01:00:02.832630282,1704070800455,ask,101.85,1583.09,2
509,25,2024-01-01T01:00:02.832630282,1704070800455,ask,101.58,829.98,2
510,25,2024-01-01T01:00:02.832630282,1704070800455,bid,101.56,733.51,1
511,25,2024-01-01T01:00:02.832630282,1704070800455,bid,101.5,27.06,1
512,25,2024-01-01T01:00:02.832630282,1704070800455,bid,101.25,4035.33,1
513,25,2024-01-01T01:00:02.832630282,1704070800455,bid,101.2,3743.12,1
514,25,2024-01-01T01:00:02.832630282,1704070800455,bid,100.75,3978.89,1
515,25,2024-01-01T01:00:02.832630282,1704070800455,bid,100.62,4270.36,1
516,25,2024-01-01T01:00:02.832630282,1704070800455,bid,100.5,14.0,1
517,25,2024-01-01T01:00:02.832630282,1704070800455,bid,100.0,4175.82,1
518,25,2024-01-01T01:00:02.832630282,1704070800455,bid,99.93,5.04,1
519,25,2024-01-01T01:00:02.832630282,1704070800455,bid,99.67,3642.32,1
520,26,2024-01-01T02:00:02.720068354,1704074400555,ask,104.27,202.68,2
521,26,2024-01-01T02:00:02.720068354,1704074400555,ask,104.23,774.12,2
522,26,2024-01-01T02:00:02.720068354,1704074400555,ask,104.21,2931.26,4
523,26,2024-01-01T02:00:02.720068354,1704074400555,ask,104.17,1538.85,2
524,26,2024-01-01T02:00:02.720068354,1704074400555,ask,104.11,1473.47,2
525,26,2024-01-01T02:00:02.720068354,1704074400555,ask,104.04,1632.77,2
526,26,2024-01-01T02:00:02.720068354,1704074400555,ask,103.85,793.29,1
527,26,2024-01-01T02:00:02.720068354,1704074400555,ask,103.8,0.25,1
528,26,2024-01-01T02:00:02.720068354,1704074400555,ask,103.78,697.71,1
529,26,2024-01-01T02:00:02.720068354,1704074400555,ask,103.27,4051.47,1
530,26,2024-01-01T02:00:02.720068354,1704074400555,bid,103.21,3623.21,1
531,26,2024-01-01T02:00:02.720068354,1704074400555,bid,102.82,3913.92,1
532,26,2024-01-01T02:00:02.720068354,1704074400555,bid,102.64,3591.5,1
533,26,2024-01-01T02:00:02.720068354,1704074400555,bid,102.5,196.27,2
534,26,2024-01-01T02:00:02.720068354,1704074400555,bid,102.44,150.0,1
535,26,2024-01-01T02:00:02.720068354,1704074400555,bid,102.38,150.0,1
536,26,2024-01-01T02:00:02.720068354,1704074400555,bid,102.33,8.12,1
537,26,2024-01-01T02:00:02.720068354,1704074400555,bid,102.32,150.0,1
538,26,2024-01-01T02:00:02.720068354,1704074400555,bid,102.26,150.0,1
539,26,2024-01-01T02:00:02.720068354,1704074400555,bid,102.19,150.0,1
540,27,2024-01-01T03:00:00.890686367,1704077999594,ask,103.87,51.87,1
541,27,2024-01-01T03:00:00.890686367,1704077999594,ask,103.86,9.6,1
542,27,2024-01-01T03:00:00.890686367,1704077999594,ask,103.85,758.57,2
543,27,2024-01-01T03:00:00.890686367,1704077999594,ask,103.84,825.47,1
544,27,2024-01-01T03:00:00.890686367,1704077999594,ask,103.83,791.42,1
545,27,2024-01-01T03:00:00.890686367,1704077999594,ask,103.8,1558.04,2
546,27,2024-01-01T03:00:00.890686367,1704077999594,ask,103.78,9.62,1
547,27,2024-01-01T03:00:00.890686367,1704077999594,ask,103.72,1550.27,2
548,27,2024-01-01T03:00:00.890686367,1704077999594,ask,103.6,803.58,1
549,27,2024-01-01T03:00:00.890686367,1704077999594,ask,103.59,755.8,1
550,27,2024-01-01T03:00:00.890686367,1704077999594,bid,103.41,780.93,1
551,27,2024-01-01T03:00:00.890686367,1704077999594,bid,103.4,0.25,1
552,27,2024-01-01T03:00:00.890686367,1704077999594,bid,103.39,739.49,1
553,27,2024-01-01T03:00:00.890686367,1704077999594,bid,102.94,4274.07,1
554,27,2024-01-01T03:00:00.890686367,1704077999594,bid,102.85,4103.57,1
555,27,2024-01-01T03:00:00.890686367,1704077999594,bid,102.61,4062.79,1
556,27,2024-01-01T03:00:00.890686367,1704077999594,bid,102.53,4178.87,1
557,27,2024-01-01T03:00:00.890686367,1704077999594,bid,102.5,196.27,2
558,27,2024-01-01T03:00:00.890686367,1704077999594,bid,102.44,150.0,1
559,27,2024-01-01T03:00:00.890686367,1704077999594,bid,102.38,150.0,1
560,28,2024-01-01T04:00:01.186452981,1704081599911,ask,103.25,73.69,2
561,28,2024-01-01T04:00:01.186452981,1704081599911,ask,103.23,722.75,2
562,28,2024-01-01T04:00:01.186452981,1704081599911,ask,103.21,3021.16,4
563,28,2024-01-01T04:00:01.186452981,1704081599911,ask,103.12,1548.28,2
564,28,2024-01-01T04:00:01.186452981,1704081599911,ask,103.05,3.9,1
565,28,2024-01-01T04:00:01.186452981,1704081599911,ask,103.02,1620.14,2
566,28,2024-01-01T04:00:01.186452981,1704081599911,ask,102.77,736.97,1
567,28,2024-01-01T04:00:01.186452981,1704081599911,ask,102.75,0.25,1
568,28,2024-01-01T04:00:01.186452981,1704081599911,ask,102.67,802.37,1
569,28,2024-01-01T04:00:01.186452981,1704081599911,ask,102.5,196.27,2
570,28,2024-01-01T04:00:01.186452981,1704081599911,bid,102.44,150.0,1
571,28,2024-01-01T04:00:01.186452981,1704081599911,bid,102.38,150.0,1
572,28,2024-01-01T04:00:01.186452981,1704081599911,bid,102.32,150.0,1
573,28,2024-01-01T04:00:01.186452981,1704081599911,bid,102.26,150.0,1
574,28,2024-01-01T04:00:01.186452981,1704081599911,bid,102.19,150.0,1
575,28,2024-01-01T04:00:01.186452981,1704081599911,bid,102.18,7897.88,2
576,28,2024-01-01T04:00:01.186452981,1704081599911,bid,102.13,150.0,1
577,28,2024-01-01T04:00:01.186452981,1704081599911,bid,102.07,150.0,1
578,28,2024-01-01T04:00:01.186452981,1704081599911,bid,102.01,150.0,1
579,28,2024-01-01T04:00:01.186452981,1704081599911,bid,101.95,150.0,1
580,29,2024-01-01T05:00:01.204710900,1704085199904,ask,102.81,194.6,1
581,29,2024-01-01T05:00:01.204710900,1704085199904,ask,102.8,846.75,3
582,29,2024-01-01T05:00:01.204710900,1704085199904,ask,102.79,810.48,2
583,29,2024-01-01T05:00:01.204710900,1704085199904,ask,102.78,1530.31,2
584,29,2024-01-01T05:00:01.204710900,1704085199904,ask,102.77,1640.62,2
585,29,2024-01-01T05:00:01.204710900,1704085199904,ask,102.76,1610.28,2
586,29,2024-01-01T05:00:01.204710900,1704085199904,ask,102.74,1596.43,2
587,29,2024-01-01T05:00:01.204710900,1704085199904,ask,102.73,9.72,1
588,29,2024-01-01T05:00:01.204710900,1704085199904,ask,102.71,3.41,1
589,29,2024-01-01T05:00:01.204710900,1704085199904,ask,102.68,763.71,1
590,29,2024-01-01T05:00:01.204710900,1704085199904,bid,102.67,750.06,1
591,29,2024-01-01T05:00:01.204710900,1704085199904,bid,102.58,794.05,1
592,29,2024-01-01T05:00:01.204710900,1704085199904,bid,102.53,854.5,1
593,29,2024-01-01T05:00:01.204710900,1704085199904,bid,102.51,1.84,1
594,29,2024-01-01T05:00:01.204710900,1704085199904,bid,102.32,850.15,1
595,29,2024-01-01T05:00:01.204710900,1704085199904,bid,102.3,0.25,1
596,29,2024-01-01T05:00:01.204710900,1704085199904,bid,102.28,809.5,1
597,29,2024-01-01T05:00:01.204710900,1704085199904,bid,101.77,4383.27,2
598,29,2024-01-01T05:00:01.204710900,1704085199904,bid,101.7,4262.49,2
599,29,2024-01-01T05:00:01.204710900,1704085199904,bid,101.64,150.0,1
600,30,2024-01-01T06:00:00.880645296,1704088799672,ask,101.67,745.12,2
601,30,2024-01-01T06:00:00.880645296,1704088799672,ask,101.66,1496.38,2
602,30,2024-01-01T06:00:00.880645296,1704088799672,ask,101.61,693.27,1
603,30,2024-01-01T06:00:00.880645296,1704088799672,ask,101.59,736.82,1
604,30,2024-01-01T06:00:00.880645296,1704088799672,ask,101.58,150.0,1
605,30,2024-01-01T06:00:00.880645296,1704088799672,ask,101.54,773.19,1
606,30,2024-01-01T06:00:00.880645296,1704088799672,ask,101.52,150.0,1
607,30,2024-01-01T06:00:00.880645296,1704088799672,ask,101.51,790.15,1
608,30,2024-01-01T06:00:00.880645296,1704088799672,ask,101.46,150.0,1
609,30,2024-01-01T06:00:00.880645296,1704088799672,ask,101.44,831.98,1
610,30,2024-01-01T06:00:00.880645296,1704088799672,bid,101.43,736.39,1
611,30,2024-01-01T06:00:00.880645296,1704088799672,bid,101.4,150.0,1
612,30,2024-01-01T06:00:00.880645296,1704088799672,bid,101.34,150.0,1
613,30,2024-01-01T06:00:00.880645296,1704088799672,bid,101.28,150.0,1
614,30,2024-01-01T06:00:00.880645296,1704088799672,bid,101.25,808.57,1
615,30,2024-01-01T06:00:00.880645296,1704088799672,bid,101.21,150.0,1
616,30,2024-01-01T06:00:00.880645296,1704088799672,bid,101.2,0.25,1
617,30,2024-01-01T06:00:00.880645296,1704088799672,bid,101.18,834.89,1
618,30,2024-01-01T06:00:00.880645296,1704088799672,bid,101.15,150.0,1
619,30,2024-01-01T06:00:00.880645296,1704088799672,bid,101.11,5.16,1
620,31,2024-01-01T07:00:01.182788318,1704092399962,ask,102.45,51.87,1
621,31,2024-01-01T07:00:01.182788318,1704092399962,ask,102.43,1610.63,4
622,31,2024-01-01T07:00:01.182788318,1704092399962,ask,102.42,1583.51,2
623,31,2024-01-01T07:00:01.182788318,1704092399962,ask,102.4,793.9,1
624,31,2024-01-01T07:00:01.182788318,1704092399962,ask,102.39,712.73,1
625,31,2024-01-01T07:00:01.182788318,1704092399962,ask,102.34,1569.03,2
626,31,2024-01-01T07:00:01.182788318,1704092399962,ask,102.24,1606.87,2
627,31,2024-01-01T07:00:01.182788318,1704092399962,ask,102.12,1558.08,2
628,31,2024-01-01T07:00:01.182788318,1704092399962,ask,101.95,0.25,1
629,31,2024-01-01T07:00:01.182788318,1704092399962,ask,101.83,4.02,1
630,31,2024-01-01T07:00:01.182788318,1704092399962,bid,101.7,3704.98,1
631,31,2024-01-01T07:00:01.182788318,1704092399962,bid,101.63,4292.95,1
632,31,2024-01-01T07:00:01.182788318,1704092399962,bid,101.58,150.0,1
633,31,2024-01-01T07:00:01.182788318,1704092399962,bid,101.52,150.0,1
634,31,2024-01-01T07:00:01.182788318,1704092399962,bid,101.46,150.0,1
635,31,2024-01-01T07:00:01.182788318,1704092399962,bid,101.4,150.0,1
636,31,2024-01-01T07:00:01.182788318,1704092399962,bid,101.34,150.0,1
637,31,2024-01-01T07:00:01.182788318,1704092399962,bid,101.28,150.0,1
638,31,2024-01-01T07:00:01.182788318,1704092399962,bid,101.21,3869.51,2
639,31,2024-01-01T07:00:01.182788318,1704092399962,bid,101.2,3785.94,1
640,32,2024-01-01T08:00:03.406961763,1704096000467,ask,102.58,340.06,1
641,32,2024-01-01T08:00:03.406961763,1704096000467,ask,102.57,3.9,1
642,32,2024-01-01T08:00:03.406961763,1704096000467,ask,102.55,394.1,1
643,32,2024-01-01T08:00:03.406961763,1704096000467,ask,102.54,2183.01,3
644,32,2024-01-01T08:00:03.406961763,1704096000467,ask,102.52,819.79,1
645,32,2024-01-01T08:00:03.406961763,1704096000467,ask,102.5,787.35,1
646,32,2024-01-01T08:00:03.406961763,1704096000467,ask,102.45,1516.81,2
647,32,2024-01-01T08:00:03.406961763,1704096000467,ask,102.39,821.48,1
648,32,2024-01-01T08:00:03.406961763,1704096000467,ask,102.34,830.42,1
649,32,2024-01-01T08:00:03.406961763,1704096000467,ask,102.25,194.65,1
650,32,2024-01-01T08:00:03.406961763,1704096000467,bid,102.15,800.83,1
651,32,2024-01-01T08:00:03.406961763,1704096000467,bid,102.12,812.43,1
652,32,2024-01-01T08:00:03.406961763,1704096000467,bid,102.11,0.25,1
653,32,2024-01-01T08:00:03.406961763,1704096000467,bid,101.6,8053.35,2
654,32,2024-01-01T08:00:03.406961763,1704096000467,bid,101.58,150.0,1
655,32,2024-01-01T08:00:03.406961763,1704096000467,bid,101.52,150.0,1
656,32,2024-01-01T08:00:03.406961763,1704096000467,bid,101.46,150.0,1
657,32,2024-01-01T08:00:03.406961763,1704096000467,bid,101.4,150.0,1
658,32,2024-01-01T08:00:03.406961763,1704096000467,bid,101.34,150.0,1
659,32,2024-01-01T08:00:03.406961763,1704096000467,bid,101.28,150.0,1
660,33,2024-01-01T09:00:00.800187244,1704099599947,ask,102.6,752.62,3
661,33,2024-01-01T09:00:00.800187244,1704099599947,ask,102.59,61.47,2
662,33,2024-01-01T09:00:00.800187244,1704099599947,ask,102.58,1671.96,2
663,33,2024-01-01T09:00:00.800187244,1704099599947,ask,102.57,1479.11,2
664,33,2024-01-01T09:00:00.800187244,1704099599947,ask,102.51,9.74,1
665,33,2024-01-01T09:00:00.800187244,1704099599947,ask,102.48,1594.6,2
666,33,2024-01-01T09:00:00.800187244,1704099599947,ask,102.37,1577.77,2
667,33,2024-01-01T09:00:00.800187244,1704099599947,ask,102.17,1606.16,2
668,33,2024-01-01T09:00:00.800187244,1704099599947,ask,102.1,244.86,1
669,33,2024-01-01T09:00:00.800187244,1704099599947,ask,102.08,0.25,1
670,33,2024-01-01T09:00:00.800187244,1704099599947,bid,101.75,7707.95,2
671,33,2024-01-01T09:00:00.800187244,1704099599947,bid,101.58,150.0,1
672,33,2024-01-01T09:00:00.800187244,1704099599947,bid,101.52,150.0,1
673,33,2024-01-01T09:00:00.800187244,1704099599947,bid,101.46,150.0,1
674,33,2024-01-01T09:00:00.800187244,1704099599947,bid,101.4,150.0,1
675,33,2024-01-01T09:00:00.800187244,1704099599947,bid,101.34,3785.81,2
676,33,2024-01-01T09:00:00.800187244,1704099599947,bid,101.28,150.0,1
677,33,2024-01-01T09:00:00.800187244,1704099599947,bid,101.21,150.0,1
678,33,2024-01-01T09:00:00.800187244,1704099599947,bid,101.2,4145.31,1
679,33,2024-01-01T09:00:00.800187244,1704099599947,bid,101.15,150.0,1
680,34,2024-01-01T10:00:01.121350934,1704103199907,ask,104.13,365.18,1
681,34,2024-01-01T10:00:01.121350934,1704103199907,ask,104.11,364.41,1
682,34,2024-01-01T10:00:01.121350934,1704103199907,ask,104.09,1583.69,2
683,34,2024-01-01T10:00:01.121350934,1704103199907,ask,104.07,1501.4,2
684,34,2024-01-01T10:00:01.121350934,1704103199907,ask,104.06,9.59,1
685,34,2024-01-01T10:00:01.121350934,1704103199907,ask,104.04,715.1,1
686,34,2024-01-01T10:00:01.121350934,1704103199907,ask,104.03,819.73,1
687,34,2024-01-01T10:00:01.121350934,1704103199907,ask,104.0,713.05,1
688,34,2024-01-01T10:00:01.121350934,1704103199907,ask,103.98,760.49,1
689,34,2024-01-01T10:00:01.121350934,1704103199907,ask,103.92,1556.13,2
690,34,2024-01-01T10:00:01.121350934,1704103199907,bid,103.78,1556.15,2
691,34,2024-01-01T10:00:01.121350934,1704103199907,bid,103.74,12.07,1
692,34,2024-01-01T10:00:01.121350934,1704103199907,bid,103.58,0.25,1
693,34,2024-01-01T10:00:01.121350934,1704103199907,bid,103.29,4184.59,1
694,34,2024-01-01T10:00:01.121350934,1704103199907,bid,103.27,4016.36,1
695,34,2024-01-01T10:00:01.121350934,1704103199907,bid,102.92,4041.93,1
696,34,2024-01-01T10:00:01.121350934,1704103199907,bid,102.8,3540.93,1
697,34,2024-01-01T10:00:01.121350934,1704103199907,bid,102.62,1.8,1
698,34,2024-01-01T10:00:01.121350934,1704103199907,bid,102.11,3578.41,1
699,34,2024-01-01T10:00:01.121350934,1704103199907,bid,102.09,4033.81,1
700,35,2024-01-01T11:00:00.744187554,1704106799623,ask,104.31,206.64,2
701,35,2024-01-01T11:00:00.744187554,1704106799623,ask,104.29,749.75,3
702,35,2024-01-01T11:00:00.744187554,1704106799623,ask,104.27,1445.34,2
703,35,2024-01-01T11:00:00.744187554,1704106799623,ask,104.26,731.4,3
704,35,2024-01-01T11:00:00.744187554,1704106799623,ask,104.24,1600.28,2
705,35,2024-01-01T11:00:00.744187554,1704106799623,ask,104.23,0.29,1
706,35,2024-01-01T11:00:00.744187554,1704106799623,ask,104.2,0.29,1
707,35,2024-01-01T11:00:00.744187554,1704106799623,ask,104.18,1655.93,2
708,35,2024-01-01T11:00:00.744187554,1704106799623,ask,104.17,0.29,1
709,35,2024-01-01T11:00:00.744187554,1704106799623,ask,104.14,0.29,1
710,35,2024-01-01T11:00:00.744187554,1704106799623,bid,104.11,0.29,1
711,35,2024-01-01T11:00:00.744187554,1704106799623,bid,104.09,0.29,1
712,35,2024-01-01T11:00:00.744187554,1704106799623,bid,104.06,1511.32,3
713,35,2024-01-01T11:00:00.744187554,1704106799623,bid,104.03,0.29,1
714,35,2024-01-01T11:00:00.744187554,1704106799623,bid,104.0,0.29,1
715,35,2024-01-01T11:00:00.744187554,1704106799623,bid,103.97,0.29,1
716,35,2024-01-01T11:00:00.744187554,1704106799623,bid,103.94,0.29,1
717,35,2024-01-01T11:00:00.744187554,1704106799623,bid,103.91,0.29,1
718,35,2024-01-01T11:00:00.744187554,1704106799623,bid,103.89,0.29,1
719,35,2024-01-01T11:00:00.744187554,1704106799623,bid,103.86,0.29,1
720,36,2024-01-01T12:00:01.239330232,1704110399915,ask,104.52,83.02,2
721,36,2024-01-01T12:00:01.239330232,1704110399915,ask,104.5,4.78,1
722,36,2024-01-01T12:00:01.239330232,1704110399915,ask,104.49,9.56,1
723,36,2024-01-01T12:00:01.239330232,1704110399915,ask,104.48,823.55,2
724,36,2024-01-01T12:00:01.239330232,1704110399915,ask,104.46,1481.08,2
725,36,2024-01-01T12:00:01.239330232,1704110399915,ask,104.44,1588.83,2
726,36,2024-01-01T12:00:01.239330232,1704110399915,ask,104.39,1575.27,2
727,36,2024-01-01T12:00:01.239330232,1704110399915,ask,104.25,1563.27,2
728,36,2024-01-01T12:00:01.239330232,1704110399915,ask,104.0,791.65,1
729,36,2024-01-01T12:00:01.239330232,1704110399915,ask,103.98,836.27,1
730,36,2024-01-01T12:00:01.239330232,1704110399915,bid,103.89,0.29,1
731,36,2024-01-01T12:00:01.239330232,1704110399915,bid,103.86,0.29,1
732,36,2024-01-01T12:00:01.239330232,1704110399915,bid,103.83,0.29,1
733,36,2024-01-01T12:00:01.239330232,1704110399915,bid,103.8,0.29,1
734,36,2024-01-01T12:00:01.239330232,1704110399915,bid,103.77,0.29,1
735,36,2024-01-01T12:00:01.239330232,1704110399915,bid,103.74,0.29,1
736,36,2024-01-01T12:00:01.239330232,1704110399915,bid,103.71,0.29,1
737,36,2024-01-01T12:00:01.239330232,1704110399915,bid,103.69,0.29,1
738,36,2024-01-01T12:00:01.239330232,1704110399915,bid,103.66,0.29,1
739,36,2024-01-01T12:00:01.239330232,1704110399915,bid,103.63,0.29,1
740,37,2024-01-01T13:00:01.146340273,1704113999884,ask,104.97,211.16,2
741,37,2024-01-01T13:00:01.146340273,1704113999884,ask,104.96,306.96,1
742,37,2024-01-01T13:00:01.146340273,1704113999884,ask,104.94,1049.63,2
743,37,2024-01-01T13:00:01.146340273,1704113999884,ask,104.93,613.28,1
744,37,2024-01-01T13:00:01.146340273,1704113999884,ask,104.92,663.12,2
745,37,2024-01-01T13:00:01.146340273,1704113999884,ask,104.89,1294.48,3
746,37,2024-01-01T13:00:01.146340273,1704113999884,ask,104.88,617.53,1
747,37,2024-01-01T13:00:01.146340273,1704113999884,ask,104.86,697.71,1
748,37,2024-01-01T13:00:01.146340273,1704113999884,ask,104.84,642.06,1
749,37,2024-01-01T13:00:01.146340273,1704113999884,ask,104.82,674.21,2
750,37,2024-01-01T13:00:01.146340273,1704113999884,bid,104.8,670.54,1
751,37,2024-01-01T13:00:01.146340273,1704113999884,bid,104.76,730.56,1
752,37,2024-01-01T13:00:01.146340273,1704113999884,bid,104.75,696.06,1
753,37,2024-01-01T13:00:01.146340273,1704113999884,bid,104.66,729.2,1
754,37,2024-01-01T13:00:01.146340273,1704113999884,bid,104.64,664.27,1
755,37,2024-01-01T13:00:01.146340273,1704113999884,bid,104.44,0.25,1
756,37,2024-01-01T13:00:01.146340273,1704113999884,bid,104.4,647.85,1
757,37,2024-01-01T13:00:01.146340273,1704113999884,bid,104.34,685.16,1
758,37,2024-01-01T13:00:01.146340273,1704113999884,bid,103.89,3841.95,2
759,37,2024-01-01T13:00:01.146340273,1704113999884,bid,103.87,3489.81,1
760,38,2024-01-01T14:00:00.788994080,1704117599658,ask,105.55,9.6,1
761,38,2024-01-01T14:00:00.788994080,1704117599658,ask,105.54,808.37,3
762,38,2024-01-01T14:00:00.788994080,1704117599658,ask,105.52,1444.28,2
763,38,2024-01-01T14:00:00.788994080,1704117599658,ask,105.5,1530.27,2
764,38,2024-01-01T14:00:00.788994080,1704117599658,ask,105.42,1504.38,3
765,38,2024-01-01T14:00:00.788994080,1704117599658,ask,105.3,778.68,1
766,38,2024-01-01T14:00:00.788994080,1704117599658,ask,105.29,830.66,1
767,38,2024-01-01T14:00:00.788994080,1704117599658,ask,105.09,0.25,1
768,38,2024-01-01T14:00:00.788994080,1704117599658,ask,105.07,757.27,1
769,38,2024-01-01T14:00:00.788994080,1704117599658,ask,105.04,832.51,1
770,38,2024-01-01T14:00:00.788994080,1704117599658,bid,104.54,4044.87,1
771,38,2024-01-01T14:00:00.788994080,1704117599658,bid,104.53,3448.6,1
772,38,2024-01-01T14:00:00.788994080,1704117599658,bid,104.32,4187.88,1
773,38,2024-01-01T14:00:00.788994080,1704117599658,bid,104.19,4175.01,1
774,38,2024-01-01T14:00:00.788994080,1704117599658,bid,103.89,0.29,1
775,38,2024-01-01T14:00:00.788994080,1704117599658,bid,103.86,0.29,1
776,38,2024-01-01T14:00:00.788994080,1704117599658,bid,103.83,0.29,1
777,38,2024-01-01T14:00:00.788994080,1704117599658,bid,103.8,0.29,1
778,38,2024-01-01T14:00:00.788994080,1704117599658,bid,103.77,0.29,1
779,38,2024-01-01T14:00:00.788994080,1704117599658,bid,103.74,0.29,1
780,39,2024-01-01T15:00:00.880564232,1704121199631,ask,104.61,386.37,1
781,39,2024-01-01T15:00:00.880564232,1704121199631,ask,104.59,696.61,1
782,39,2024-01-01T15:00:00.880564232,1704121199631,ask,104.58,785.14,1
783,39,2024-01-01T15:00:00.880564232,1704121199631,ask,104.57,800.13,1
784,39,2024-01-01T15:00:00.880564232,1704121199631,ask,104.54,755.67,1
785,39,2024-01-01T15:00:00.880564232,1704121199631,ask,104.5,1654.43,2
786,39,2024-01-01T15:00:00.880564232,1704121199631,ask,104.38,1610.37,2
787,39,2024-01-01T15:00:00.880564232,1704121199631,ask,104.17,766.35,1
788,39,2024-01-01T15:00:00.880564232,1704121199631,ask,104.15,837.57,1
789,39,2024-01-01T15:00:00.880564232,1704121199631,ask,104.12,0.25,1
790,39,2024-01-01T15:00:00.880564232,1704121199631,bid,104.11,4.84,1
791,39,2024-01-01T15:00:00.880564232,1704121199631,bid,103.89,12.34,2
792,39,2024-01-01T15:00:00.880564232,1704121199631,bid,103.86,0.29,1
793,39,2024-01-01T15:00:00.880564232,1704121199631,bid,103.83,0.29,1
794,39,2024-01-01T15:00:00.880564232,1704121199631,bid,103.8,0.29,1
795,39,2024-01-01T15:00:00.880564232,1704121199631,bid,103.77,0.29,1
796,39,2024-01-01T15:00:00.880564232,1704121199631,bid,103.74,0.29,1
797,39,2024-01-01T15:00:00.880564232,1704121199631,bid,103.72,7774.33,2
798,39,2024-01-01T15:00:00.880564232,1704121199631,bid,103.71,0.29,1
799,39,2024-01-01T15:00:00.880564232,1704121199631,bid,103.69,0.29,1
800,40,2024-01-01T16:00:03.661456515,1704124802441,ask,106.2,252.87,1
801,40,2024-01-01T16:00:03.661456515,1704124802441,ask,106.19,63.84,1
802,40,2024-01-01T16:00:03.661456515,1704124802441,ask,106.17,61.47,2
803,40,2024-01-01T16:00:03.661456515,1704124802441,ask,106.1,721.72,2
804,40,2024-01-01T16:00:03.661456515,1704124802441,ask,106.08,1453.15,2
805,40,2024-01-01T16:00:03.661456515,1704124802441,ask,106.05,1602.59,2
806,40,2024-01-01T16:00:03.661456515,1704124802441,ask,105.97,1544.03,2
807,40,2024-01-01T16:00:03.661456515,1704124802441,ask,105.91,1515.04,2
808,40,2024-01-01T16:00:03.661456515,1704124802441,ask,105.68,715.09,1
809,40,2024-01-01T16:00:03.661456515,1704124802441,ask,105.65,731.56,2
810,40,2024-01-01T16:00:03.661456515,1704124802441,bid,105.16,3960.72,1
811,40,2024-01-01T16:00:03.661456515,1704124802441,bid,105.12,3629.86,1
812,40,2024-01-01T16:00:03.661456515,1704124802441,bid,105.0,0.19,1
813,40,2024-01-01T16:00:03.661456515,1704124802441,bid,104.79,3810.8,1
814,40,2024-01-01T16:00:03.661456515,1704124802441,bid,104.66,3658.55,1
815,40,2024-01-01T16:00:03.661456515,1704124802441,bid,104.0,25.0,1
816,40,2024-01-01T16:00:03.661456515,1704124802441,bid,103.89,0.29,1
817,40,2024-01-01T16:00:03.661456515,1704124802441,bid,103.86,0.29,1
818,40,2024-01-01T16:00:03.661456515,1704124802441,bid,103.83,0.29,1
819,40,2024-01-01T16:00:03.661456515,1704124802441,bid,103.8,0.29,1
820,41,2024-01-01T17:00:01.376161129,1704128399971,ask,106.78,61.31,2
821,41,2024-01-01T17:00:01.376161129,1704128399971,ask,106.75,2163.02,4
822,41,2024-01-01T17:00:01.376161129,1704128399971,ask,106.73,1513.34,2
823,41,2024-01-01T17:00:01.376161129,1704128399971,ask,106.71,9.36,1
824,41,2024-01-01T17:00:01.376161129,1704128399971,ask,106.69,3.9,1
825,41,2024-01-01T17:00:01.376161129,1704128399971,ask,106.65,1444.58,2
826,41,2024-01-01T17:00:01.376161129,1704128399971,ask,106.56,4.72,1
827,41,2024-01-01T17:00:01.376161129,1704128399971,ask,106.5,20.47,2
828,41,2024-01-01T17:00:01.376161129,1704128399971,ask,106.49,1439.04,2
829,41,2024-01-01T17:00:01.376161129,1704128399971,ask,106.21,822.29,2
830,41,2024-01-01T17:00:01.376161129,1704128399971,bid,106.17,680.21,1
831,41,2024-01-01T17:00:01.376161129,1704128399971,bid,105.92,47.62,1
832,41,2024-01-01T17:00:01.376161129,1704128399971,bid,105.85,33.68,1
833,41,2024-01-01T17:00:01.376161129,1704128399971,bid,105.78,4119.54,1
834,41,2024-01-01T17:00:01.376161129,1704128399971,bid,105.7,3683.84,1
835,41,2024-01-01T17:00:01.376161129,1704128399971,bid,105.13,3569.62,1
836,41,2024-01-01T17:00:01.376161129,1704128399971,bid,105.05,4089.71,1
837,41,2024-01-01T17:00:01.376161129,1704128399971,bid,105.0,0.19,1
838,41,2024-01-01T17:00:01.376161129,1704128399971,bid,104.17,3588.74,1
839,41,2024-01-01T17:00:01.376161129,1704128399971,bid,104.13,3723.53,1
840,42,2024-01-01T18:00:00.963832422,1704131999589,ask,107.27,821.94,5
841,42,2024-01-01T18:00:00.963832422,1704131999589,ask,107.25,1477.89,2
842,42,2024-01-01T18:00:00.963832422,1704131999589,ask,107.21,1444.22,2
843,42,2024-01-01T18:00:00.963832422,1704131999589,ask,107.17,687.27,1
844,42,2024-01-01T18:00:00.963832422,1704131999589,ask,107.14,691.28,1
845,42,2024-01-01T18:00:00.963832422,1704131999589,ask,107.01,1359.14,2
846,42,2024-01-01T18:00:00.963832422,1704131999589,ask,106.82,701.69,1
847,42,2024-01-01T18:00:00.963832422,1704131999589,ask,106.78,674.66,1
848,42,2024-01-01T18:00:00.963832422,1704131999589,ask,106.77,0.25,1
849,42,2024-01-01T18:00:00.963832422,1704131999589,ask,106.61,39.34,1
850,42,2024-01-01T18:00:00.963832422,1704131999589,bid,106.25,4063.93,1
851,42,2024-01-01T18:00:00.963832422,1704131999589,bid,106.19,3901.07,1
852,42,2024-01-01T18:00:00.963832422,1704131999589,bid,105.92,47.62,1
853,42,2024-01-01T18:00:00.963832422,1704131999589,bid,105.85,33.68,1
854,42,2024-01-01T18:00:00.963832422,1704131999589,bid,105.8,3446.42,1
855,42,2024-01-01T18:00:00.963832422,1704131999589,bid,105.72,3996.23,1
856,42,2024-01-01T18:00:00.963832422,1704131999589,bid,105.0,0.19,1
857,42,2024-01-01T18:00:00.963832422,1704131999589,bid,104.69,3750.25,1
858,42,2024-01-01T18:00:00.963832422,1704131999589,bid,104.66,4043.29,1
859,42,2024-01-01T18:00:00.963832422,1704131999589,bid,102.64,3.93,1
860,43,2024-01-01T19:00:03.466398994,1704135600318,ask,108.07,771.38,4
861,43,2024-01-01T19:00:03.466398994,1704135600318,ask,108.06,1405.11,2
862,43,2024-01-01T19:00:03.466398994,1704135600318,ask,108.03,679.73,1
863,43,2024-01-01T19:00:03.466398994,1704135600318,ask,108.02,709.55,1
864,43,2024-01-01T19:00:03.466398994,1704135600318,ask,107.96,9.25,1
865,43,2024-01-01T19:00:03.466398994,1704135600318,ask,107.94,1406.33,2
866,43,2024-01-01T19:00:03.466398994,1704135600318,ask,107.81,1468.47,2
867,43,2024-01-01T19:00:03.466398994,1704135600318,ask,107.63,1496.38,2
868,43,2024-01-01T19:00:03.466398994,1704135600318,ask,107.13,33.68,1
869,43,2024-01-01T19:00:03.466398994,1704135600318,ask,107.12,3733.96,1
870,43,2024-01-01T19:00:03.466398994,1704135600318,bid,107.06,3920.31,1
871,43,2024-01-01T19:00:03.466398994,1704135600318,bid,106.67,4116.52,1
872,43,2024-01-01T19:00:03.466398994,1704135600318,bid,106.61,39.34,1
873,43,2024-01-01T19:00:03.466398994,1704135600318,bid,106.44,3507.4,1
874,43,2024-01-01T19:00:03.466398994,1704135600318,bid,106.41,3.93,1
875,43,2024-01-01T19:00:03.466398994,1704135600318,bid,105.92,47.62,1
876,43,2024-01-01T19:00:03.466398994,1704135600318,bid,105.78,4095.76,1
877,43,2024-01-01T19:00:03.466398994,1704135600318,bid,105.71,3867.39,1
878,43,2024-01-01T19:00:03.466398994,1704135600318,bid,105.0,2.99,2
879,43,2024-01-01T19:00:03.466398994,1704135600318,bid,104.67,4.04,1
880,44,2024-01-01T20:00:03.072626685,1704139200161,ask,108.98,23.04,1
881,44,2024-01-01T20:00:03.072626685,1704139200161,ask,108.97,798.99,4
882,44,2024-01-01T20:00:03.072626685,1704139200161,ask,108.96,1460.67,2
883,44,2024-01-01T20:00:03.072626685,1704139200161,ask,108.93,1544.43,2
884,44,2024-01-01T20:00:03.072626685,1704139200161,ask,108.91,9.17,1
885,44,2024-01-01T20:00:03.072626685,1704139200161,ask,108.84,1436.27,2
886,44,2024-01-01T20:00:03.072626685,1704139200161,ask,108.69,776.05,1
887,44,2024-01-01T20:00:03.072626685,1704139200161,ask,108.67,683.49,1
888,44,2024-01-01T20:00:03.072626685,1704139200161,ask,108.44,1551.73,2
889,44,2024-01-01T20:00:03.072626685,1704139200161,ask,108.42,0.25,1
890,44,2024-01-01T20:00:03.072626685,1704139200161,bid,107.99,4015.6,1
891,44,2024-01-01T20:00:03.072626685,1704139200161,bid,107.9,3782.09,1
892,44,2024-01-01T20:00:03.072626685,1704139200161,bid,107.39,3802.9,1
893,44,2024-01-01T20:00:03.072626685,1704139200161,bid,107.32,3399.51,1
894,44,2024-01-01T20:00:03.072626685,1704139200161,bid,107.13,33.68,1
895,44,2024-01-01T20:00:03.072626685,1704139200161,bid,106.61,39.34,1
896,44,2024-01-01T20:00:03.072626685,1704139200161,bid,106.41,3.93,1
897,44,2024-01-01T20:00:03.072626685,1704139200161,bid,106.23,7591.82,2
898,44,2024-01-01T20:00:03.072626685,1704139200161,bid,105.92,47.62,1
899,44,2024-01-01T20:00:03.072626685,1704139200161,bid,105.0,2.99,2
900,45,2024-01-01T21:00:00.881044096,1704142799893,ask,108.05,468.05,4
901,45,2024-01-01T21:00:00.881044096,1704142799893,ask,108.04,753.52,3
902,45,2024-01-01T21:00:00.881044096,1704142799893,ask,108.03,779.2,1
903,45,2024-01-01T21:00:00.881044096,1704142799893,ask,108.02,1564.46,2
904,45,2024-01-01T21:00:00.881044096,1704142799893,ask,108.01,683.76,1
905,45,2024-01-01T21:00:00.881044096,1704142799893,ask,108.0,683.32,1
906,45,2024-01-01T21:00:00.881044096,1704142799893,ask,107.98,745.86,1
907,45,2024-01-01T21:00:00.881044096,1704142799893,ask,107.92,3.9,1
908,45,2024-01-01T21:00:00.881044096,1704142799893,ask,107.9,1406.13,2
909,45,2024-01-01T21:00:00.881044096,1704142799893,ask,107.77,1405.33,2
910,45,2024-01-01T21:00:00.881044096,1704142799893,bid,107.59,815.12,1
911,45,2024-01-01T21:00:00.881044096,1704142799893,bid,107.57,817.85,1
912,45,2024-01-01T21:00:00.881044096,1704142799893,bid,107.56,0.25,1
913,45,2024-01-01T21:00:00.881044096,1704142799893,bid,107.19,3676.17,1
914,45,2024-01-01T21:00:00.881044096,1704142799893,bid,107.16,3370.69,1
915,45,2024-01-01T21:00:00.881044096,1704142799893,bid,106.61,39.34,1
916,45,2024-01-01T21:00:00.881044096,1704142799893,bid,106.55,3696.28,1
917,45,2024-01-01T21:00:00.881044096,1704142799893,bid,106.53,4095.58,1
918,45,2024-01-01T21:00:00.881044096,1704142799893,bid,106.41,3.93,1
919,45,2024-01-01T21:00:00.881044096,1704142799893,bid,105.92,47.62,1
920,46,2024-01-01T22:00:01.109540421,1704146399823,ask,108.27,2.31,1
921,46,2024-01-01T22:00:01.109540421,1704146399823,ask,108.26,9.6,1
922,46,2024-01-01T22:00:01.109540421,1704146399823,ask,108.24,2170.95,4
923,46,2024-01-01T22:00:01.109540421,1704146399823,ask,108.21,689.07,1
924,46,2024-01-01T22:00:01.109540421,1704146399823,ask,108.2,732.69,1
925,46,2024-01-01T22:00:01.109540421,1704146399823,ask,108.13,715.67,1
926,46,2024-01-01T22:00:01.109540421,1704146399823,ask,108.12,774.21,1
927,46,2024-01-01T22:00:01.109540421,1704146399823,ask,107.97,758.43,1
928,46,2024-01-01T22:00:01.109540421,1704146399823,ask,107.95,678.63,1
929,46,2024-01-01T22:00:01.109540421,1704146399823,ask,107.73,690.43,1
930,46,2024-01-01T22:00:01.109540421,1704146399823,bid,107.69,0.25,1
931,46,2024-01-01T22:00:01.109540421,1704146399823,bid,107.66,786.56,1
932,46,2024-01-01T22:00:01.109540421,1704146399823,bid,107.13,3650.97,1
933,46,2024-01-01T22:00:01.109540421,1704146399823,bid,107.11,3448.54,1
934,46,2024-01-01T22:00:01.109540421,1704146399823,bid,106.79,3991.63,1
935,46,2024-01-01T22:00:01.109540421,1704146399823,bid,106.78,3965.19,1
936,46,2024-01-01T22:00:01.109540421,1704146399823,bid,106.41,3.93,1
937,46,2024-01-01T22:00:01.109540421,1704146399823,bid,105.92,47.62,1
938,46,2024-01-01T22:00:01.109540421,1704146399823,bid,105.7,7697.24,2
939,46,2024-01-01T22:00:01.109540421,1704146399823,bid,105.67,33.68,1
940,47,2024-01-01T23:00:03.291753725,1704150001002,ask,108.32,752.43,2
941,47,2024-01-01T23:00:03.291753725,1704150001002,ask,108.31,61.47,2
942,47,2024-01-01T23:00:03.291753725,1704150001002,ask,108.3,2272.22,4
943,47,2024-01-01T23:00:03.291753725,1704150001002,ask,108.29,1517.42,2
944,47,2024-01-01T23:00:03.291753725,1704150001002,ask,108.28,1507.36,2
945,47,2024-01-01T23:00:03.291753725,1704150001002,ask,108.25,1540.78,2
946,47,2024-01-01T23:00:03.291753725,1704150001002,ask,108.21,809.21,1
947,47,2024-01-01T23:00:03.291753725,1704150001002,ask,108.2,780.45,1
948,47,2024-01-01T23:00:03.291753725,1704150001002,ask,108.17,670.14,1
949,47,2024-01-01T23:00:03.291753725,1704150001002,ask,108.04,1561.71,2
950,47,2024-01-01T23:00:03.291753725,1704150001002,bid,107.81,1571.19,2
951,47,2024-01-01T23:00:03.291753725,1704150001002,bid,107.76,0.25,1
952,47,2024-01-01T23:00:03.291753725,1704150001002,bid,107.32,3470.42,1
953,47,2024-01-01T23:00:03.291753725,1704150001002,bid,107.15,3766.71,1
954,47,2024-01-01T23:00:03.291753725,1704150001002,bid,106.75,3929.75,1
955,47,2024-01-01T23:00:03.291753725,1704150001002,bid,106.72,3559.71,1
956,47,2024-01-01T23:00:03.291753725,1704150001002,bid,106.41,3.93,1
957,47,2024-01-01T23:00:03.291753725,1704150001002,bid,105.92,47.62,1
958,47,2024-01-01T23:00:03.291753725,1704150001002,bid,105.71,3769.18,1
959,47,2024-01-01T23:00:03.291753725,1704150001002,bid,105.67,3507.61,2
960,48,2024-01-02T00:00:07.084520206,1704153606629,ask,110.13,225.23,2
961,48,2024-01-02T00:00:07.084520206,1704153606629,ask,110.11,134.73,1
962,48,2024-01-02T00:00:07.084520206,1704153606629,ask,110.09,9.07,1
963,48,2024-01-02T00:00:07.084520206,1704153606629,ask,110.06,353.29,1
964,48,2024-01-02T00:00:07.084520206,1704153606629,ask,110.05,390.41,1
965,48,2024-01-02T00:00:07.084520206,1704153606629,ask,110.04,1855.82,3
966,48,2024-01-02T00:00:07.084520206,1704153606629,ask,110.03,378.2,1
967,48,2024-01-02T00:00:07.084520206,1704153606629,ask,110.02,664.3,1
968,48,2024-01-02T00:00:07.084520206,1704153606629,ask,110.01,1374.38,2
969,48,2024-01-02T00:00:07.084520206,1704153606629,ask,110.0,796.92,1
970,48,2024-01-02T00:00:07.084520206,1704153606629,bid,109.97,662.33,1
971,48,2024-01-02T00:00:07.084520206,1704153606629,bid,109.95,683.61,1
972,48,2024-01-02T00:00:07.084520206,1704153606629,bid,109.92,681.79,1
973,48,2024-01-02T00:00:07.084520206,1704153606629,bid,109.79,689.6,1
974,48,2024-01-02T00:00:07.084520206,1704153606629,bid,109.77,686.08,1
975,48,2024-01-02T00:00:07.084520206,1704153606629,bid,109.73,23.8,1
976,48,2024-01-02T00:00:07.084520206,1704153606629,bid,109.61,0.25,1
977,48,2024-01-02T00:00:07.084520206,1704153606629,bid,109.56,676.97,1
978,48,2024-01-02T00:00:07.084520206,1704153606629,bid,109.55,697.64,1
979,48,2024-01-02T00:00:07.084520206,1704153606629,bid,109.09,3690.81,1
980,49,2024-01-02T01:00:00.635872136,1704157199492,ask,110.87,365.01,1
981,49,2024-01-02T01:00:00.635872136,1704157199492,ask,110.86,197.54,1
982,49,2024-01-02T01:00:00.635872136,1704157199492,ask,110.85,1118.36,2
983,49,2024-01-02T01:00:00.635872136,1704157199492,ask,110.83,779.69,1
984,49,2024-01-02T01:00:00.635872136,1704157199492,ask,110.82,376.01,1
985,49,2024-01-02T01:00:00.635872136,1704157199492,ask,110.81,772.08,1
986,49,2024-01-02T01:00:00.635872136,1704157199492,ask,110.8,1482.44,2
987,49,2024-01-02T01:00:00.635872136,1704157199492,ask,110.79,692.08,1
988,49,2024-01-02T01:00:00.635872136,1704157199492,ask,110.77,667.38,1
989,49,2024-01-02T01:00:00.635872136,1704157199492,ask,110.74,9.02,1
990,49,2024-01-02T01:00:00.635872136,1704157199492,bid,110.73,772.47,1
991,49,2024-01-02T01:00:00.635872136,1704157199492,bid,110.72,699.12,1
992,49,2024-01-02T01:00:00.635872136,1704157199492,bid,110.68,677.24,1
993,49,2024-01-02T01:00:00.635872136,1704157199492,bid,110.65,0.25,1
994,49,2024-01-02T01:00:00.635872136,1704157199492,bid,110.59,1380.45,2
995,49,2024-01-02T01:00:00.635872136,1704157199492,bid,110.36,755.61,1
996,49,2024-01-02T01:00:00.635872136,1704157199492,bid,110.28,690.26,1
997,49,2024-01-02T01:00:00.635872136,1704157199492,bid,109.87,3543.27,1
998,49,2024-01-02T01:00:00.635872136,1704157199492,bid,109.75,3685.45,1
999,49,2024-01-02T01:00:00.635872136,1704157199492,bid,109.5,400.0,1
1000,50,2024-01-02T02:00:00.864701010,1704160799628,ask,111.43,31.41,2
1001,50,2024-01-02T02:00:00.864701010,1704160799628,ask,111.41,695.29,2
1002,50,2024-01-02T02:00:00.864701010,1704160799628,ask,111.39,1462.39,3
1003,50,2024-01-02T02:00:00.864701010,1704160799628,ask,111.38,1406.13,2
1004,50,2024-01-02T02:00:00.864701010,1704160799628,ask,111.3,690.23,1
1005,50,2024-01-02T02:00:00.864701010,1704160799628,ask,111.28,659.96,2
1006,50,2024-01-02T02:00:00.864701010,1704160799628,ask,111.16,772.51,1
1007,50,2024-01-02T02:00:00.864701010,1704160799628,ask,111.14,692.99,1
1008,50,2024-01-02T02:00:00.864701010,1704160799628,ask,111.1,120.0,1
1009,50,2024-01-02T02:00:00.864701010,1704160799628,ask,111.03,120.0,1
1010,50,2024-01-02T02:00:00.864701010,1704160799628,bid,110.97,120.0,1
1011,50,2024-01-02T02:00:00.864701010,1704160799628,bid,110.9,120.0,1
1012,50,2024-01-02T02:00:00.864701010,1704160799628,bid,110.89,20.59,1
1013,50,2024-01-02T02:00:00.864701010,1704160799628,bid,110.87,12.75,1
1014,50,2024-01-02T02:00:00.864701010,1704160799628,bid,110.83,120.0,1
1015,50,2024-01-02T02:00:00.864701010,1704160799628,bid,110.82,741.4,1
1016,50,2024-01-02T02:00:00.864701010,1704160799628,bid,110.81,784.36,1
1017,50,2024-01-02T02:00:00.864701010,1704160799628,bid,110.78,0.25,1
1018,50,2024-01-02T02:00:00.864701010,1704160799628,bid,110.77,120.0,1
1019,50,2024-01-02T02:00:00.864701010,1704160799628,bid,110.7,120.0,1
1020,51,2024-01-02T03:00:01.289514733,1704164399909,ask,112.18,748.56,4
1021,51,2024-01-02T03:00:01.289514733,1704164399909,ask,112.17,357.31,1
1022,51,2024-01-02T03:00:01.289514733,1704164399909,ask,112.16,1030.57,2
1023,51,2024-01-02T03:00:01.289514733,1704164399909,ask,112.15,1477.39,2
1024,51,2024-01-02T03:00:01.289514733,1704164399909,ask,112.14,735.0,1
1025,51,2024-01-02T03:00:01.289514733,1704164399909,ask,112.13,732.71,1
1026,51,2024-01-02T03:00:01.289514733,1704164399909,ask,112.04,1455.01,2
1027,51,2024-01-02T03:00:01.289514733,1704164399909,ask,111.94,1415.92,2
1028,51,2024-01-02T03:00:01.289514733,1704164399909,ask,111.67,647.23,1
1029,51,2024-01-02T03:00:01.289514733,1704164399909,ask,111.65,4.49,1
1030,51,2024-01-02T03:00:01.289514733,1704164399909,bid,111.63,695.06,1
1031,51,2024-01-02T03:00:01.289514733,1704164399909,bid,111.58,0.25,1
1032,51,2024-01-02T03:00:01.289514733,1704164399909,bid,111.57,4.16,1
1033,51,2024-01-02T03:00:01.289514733,1704164399909,bid,111.49,3.82,1
1034,51,2024-01-02T03:00:01.289514733,1704164399909,bid,111.41,3.49,1
1035,51,2024-01-02T03:00:01.289514733,1704164399909,bid,111.33,3.15,1
1036,51,2024-01-02T03:00:01.289514733,1704164399909,bid,111.24,2.82,1
1037,51,2024-01-02T03:00:01.289514733,1704164399909,bid,111.16,2.49,1
1038,51,2024-01-02T03:00:01.289514733,1704164399909,bid,111.1,3567.1,2
1039,51,2024-01-02T03:00:01.289514733,1704164399909,bid,111.08,2.15,1
1040,52,2024-01-02T04:00:00.864313746,1704167999541,ask,111.71,184.39,3
1041,52,2024-01-02T04:00:00.864313746,1704167999541,ask,111.68,711.87,2
1042,52,2024-01-02T04:00:00.864313746,1704167999541,ask,111.67,1395.37,2
1043,52,2024-01-02T04:00:00.864313746,1704167999541,ask,111.65,653.99,1
1044,52,2024-01-02T04:00:00.864313746,1704167999541,ask,111.64,750.57,1
1045,52,2024-01-02T04:00:00.864313746,1704167999541,ask,111.59,17.86,1
1046,52,2024-01-02T04:00:00.864313746,1704167999541,ask,111.56,1375.72,2
1047,52,2024-01-02T04:00:00.864313746,1704167999541,ask,111.38,1472.59,2
1048,52,2024-01-02T04:00:00.864313746,1704167999541,ask,111.09,1454.81,3
1049,52,2024-01-02T04:00:00.864313746,1704167999541,ask,111.03,120.0,1
1050,52,2024-01-02T04:00:00.864313746,1704167999541,bid,110.97,120.0,1
1051,52,2024-01-02T04:00:00.864313746,1704167999541,bid,110.9,120.0,1
1052,52,2024-01-02T04:00:00.864313746,1704167999541,bid,110.89,20.59,1
1053,52,2024-01-02T04:00:00.864313746,1704167999541,bid,110.83,120.0,1
1054,52,2024-01-02T04:00:00.864313746,1704167999541,bid,110.77,120.0,1
1055,52,2024-01-02T04:00:00.864313746,1704167999541,bid,110.7,120.0,1
1056,52,2024-01-02T04:00:00.864313746,1704167999541,bid,110.63,120.0,1
1057,52,2024-01-02T04:00:00.864313746,1704167999541,bid,110.57,120.0,1
1058,52,2024-01-02T04:00:00.864313746,1704167999541,bid,110.53,24.33,1
1059,52,2024-01-02T04:00:00.864313746,1704167999541,bid,110.5,125.0,2
1060,53,2024-01-02T05:00:00.661301279,1704171599456,ask,112.52,338.74,1
1061,53,2024-01-02T05:00:00.661301279,1704171599456,ask,112.5,1518.37,3
1062,53,2024-01-02T05:00:00.661301279,1704171599456,ask,112.47,1221.34,2
1063,53,2024-01-02T05:00:00.661301279,1704171599456,ask,112.42,659.75,1
1064,53,2024-01-02T05:00:00.661301279,1704171599456,ask,112.37,1206.46,3
1065,53,2024-01-02T05:00:00.661301279,1704171599456,ask,112.26,1303.02,2
1066,53,2024-01-02T05:00:00.661301279,1704171599456,ask,112.08,739.52,1
1067,53,2024-01-02T05:00:00.661301279,1704171599456,ask,112.02,0.25,1
1068,53,2024-01-02T05:00:00.661301279,1704171599456,ask,112.01,668.14,1
1069,53,2024-01-02T05:00:00.661301279,1704171599456,ask,111.6,3546.7,1
1070,53,2024-01-02T05:00:00.661301279,1704171599456,bid,111.52,3241.47,1
1071,53,2024-01-02T05:00:00.661301279,1704171599456,bid,111.05,3670.43,1
1072,53,2024-01-02T05:00:00.661301279,1704171599456,bid,111.03,120.0,1
1073,53,2024-01-02T05:00:00.661301279,1704171599456,bid,110.99,3887.33,1
1074,53,2024-01-02T05:00:00.661301279,1704171599456,bid,110.97,120.0,1
1075,53,2024-01-02T05:00:00.661301279,1704171599456,bid,110.9,120.0,1
1076,53,2024-01-02T05:00:00.661301279,1704171599456,bid,110.83,120.0,1
1077,53,2024-01-02T05:00:00.661301279,1704171599456,bid,110.77,120.0,1
1078,53,2024-01-02T05:00:00.661301279,1704171599456,bid,110.7,120.0,1
1079,53,2024-01-02T05:00:00.661301279,1704171599456,bid,110.63,120.0,1
1080,54,2024-01-02T06:00:01.165062743,1704175199853,ask,112.73,730.63,2
1081,54,2024-01-02T06:00:01.165062743,1704175199853,ask,112.72,749.47,1
1082,54,2024-01-02T06:00:01.165062743,1704175199853,ask,112.71,664.17,1
1083,54,2024-01-02T06:00:01.165062743,1704175199853,ask,112.69,705.81,1
1084,54,2024-01-02T06:00:01.165062743,1704175199853,ask,112.68,740.02,1
1085,54,2024-01-02T06:00:01.165062743,1704175199853,ask,112.66,687.42,1
1086,54,2024-01-02T06:00:01.165062743,1704175199853,ask,112.63,745.17,2
1087,54,2024-01-02T06:00:01.165062743,1704175199853,ask,112.61,753.66,1
1088,54,2024-01-02T06:00:01.165062743,1704175199853,ask,112.56,681.47,1
1089,54,2024-01-02T06:00:01.165062743,1704175199853,ask,112.52,643.05,1
1090,54,2024-01-02T06:00:01.165062743,1704175199853,bid,112.29,1526.91,2
1091,54,2024-01-02T06:00:01.165062743,1704175199853,bid,112.24,11.15,1
1092,54,2024-01-02T06:00:01.165062743,1704175199853,bid,112.2,0.25,1
1093,54,2024-01-02T06:00:01.165062743,1704175199853,bid,111.93,3845.31,1
1094,54,2024-01-02T06:00:01.165062743,1704175199853,bid,111.81,3642.23,1
1095,54,2024-01-02T06:00:01.165062743,1704175199853,bid,111.61,3524.38,1
1096,54,2024-01-02T06:00:01.165062743,1704175199853,bid,111.6,3368.8,1
1097,54,2024-01-02T06:00:01.165062743,1704175199853,bid,111.03,120.0,1
1098,54,2024-01-02T06:00:01.165062743,1704175199853,bid,110.97,120.0,1
1099,54,2024-01-02T06:00:01.165062743,1704175199853,bid,110.9,120.0,1
1100,55,2024-01-02T07:00:00.881990322,1704178799595,ask,112.76,722.68,3
1101,55,2024-01-02T07:00:00.881990322,1704178799595,ask,112.75,1784.89,5
1102,55,2024-01-02T07:00:00.881990322,1704178799595,ask,112.73,2172.46,3
1103,55,2024-01-02T07:00:00.881990322,1704178799595,ask,112.72,1516.3,2
1104,55,2024-01-02T07:00:00.881990322,1704178799595,ask,112.7,762.76,1
1105,55,2024-01-02T07:00:00.881990322,1704178799595,ask,112.69,8.86,1
1106,55,2024-01-02T07:00:00.881990322,1704178799595,ask,112.66,746.79,1
1107,55,2024-01-02T07:00:00.881990322,1704178799595,ask,112.64,703.92,1
1108,55,2024-01-02T07:00:00.881990322,1704178799595,ask,112.63,683.65,1
1109,55,2024-01-02T07:00:00.881990322,1704178799595,ask,112.52,1476.09,2
1110,55,2024-01-02T07:00:00.881990322,1704178799595,bid,112.3,734.69,1
1111,55,2024-01-02T07:00:00.881990322,1704178799595,bid,112.29,750.45,1
1112,55,2024-01-02T07:00:00.881990322,1704178799595,bid,112.26,0.25,1
1113,55,2024-01-02T07:00:00.881990322,1704178799595,bid,112.11,2.0,1
1114,55,2024-01-02T07:00:00.881990322,1704178799595,bid,111.95,3496.11,1
1115,55,2024-01-02T07:00:00.881990322,1704178799595,bid,111.92,3922.51,1
1116,55,2024-01-02T07:00:00.881990322,1704178799595,bid,111.59,3547.9,1
1117,55,2024-01-02T07:00:00.881990322,1704178799595,bid,111.56,3918.37,1
1118,55,2024-01-02T07:00:00.881990322,1704178799595,bid,111.03,120.0,1
1119,55,2024-01-02T07:00:00.881990322,1704178799595,bid,111.0,22.52,1
1120,56,2024-01-02T08:00:01.068622548,1704182399578,ask,114.52,1298.68,4
1121,56,2024-01-02T08:00:01.068622548,1704182399578,ask,114.5,18.32,2
1122,56,2024-01-02T08:00:01.068622548,1704182399578,ask,114.49,662.3,1
1123,56,2024-01-02T08:00:01.068622548,1704182399578,ask,114.47,574.33,1
1124,56,2024-01-02T08:00:01.068622548,1704182399578,ask,114.4,1190.59,2
1125,56,2024-01-02T08:00:01.068622548,1704182399578,ask,114.25,1358.82,2
1126,56,2024-01-02T08:00:01.068622548,1704182399578,ask,114.04,697.53,2
1127,56,2024-01-02T08:00:01.068622548,1704182399578,ask,113.96,679.69,1
1128,56,2024-01-02T08:00:01.068622548,1704182399578,ask,113.95,60.2,1
1129,56,2024-01-02T08:00:01.068622548,1704182399578,ask,113.93,0.25,1
1130,56,2024-01-02T08:00:01.068622548,1704182399578,bid,113.86,62.24,1
1131,56,2024-01-02T08:00:01.068622548,1704182399578,bid,113.77,64.29,1
1132,56,2024-01-02T08:00:01.068622548,1704182399578,bid,113.68,66.33,1
1133,56,2024-01-02T08:00:01.068622548,1704182399578,bid,113.59,68.37,1
1134,56,2024-01-02T08:00:01.068622548,1704182399578,bid,113.5,70.41,1
1135,56,2024-01-02T08:00:01.068622548,1704182399578,bid,113.41,3741.46,2
1136,56,2024-01-02T08:00:01.068622548,1704182399578,bid,113.4,3316.83,1
1137,56,2024-01-02T08:00:01.068622548,1704182399578,bid,113.32,74.49,1
1138,56,2024-01-02T08:00:01.068622548,1704182399578,bid,113.23,76.53,1
1139,56,2024-01-02T08:00:01.068622548,1704182399578,bid,113.14,78.57,1
1140,57,2024-01-02T09:00:03.357661063,1704186000201,ask,114.66,49.99,1
1141,57,2024-01-02T09:00:03.357661063,1704186000201,ask,114.65,348.34,1
1142,57,2024-01-02T09:00:03.357661063,1704186000201,ask,114.63,681.33,2
1143,57,2024-01-02T09:00:03.357661063,1704186000201,ask,114.62,8.72,1
1144,57,2024-01-02T09:00:03.357661063,1704186000201,ask,114.6,376.78,1
1145,57,2024-01-02T09:00:03.357661063,1704186000201,ask,114.59,673.71,1
1146,57,2024-01-02T09:00:03.357661063,1704186000201,ask,114.58,721.14,1
1147,57,2024-01-02T09:00:03.357661063,1704186000201,ask,114.55,655.89,1
1148,57,2024-01-02T09:00:03.357661063,1704186000201,ask,114.51,1343.41,2
1149,57,2024-01-02T09:00:03.357661063,1704186000201,ask,114.5,5.62,1
1150,57,2024-01-02T09:00:03.357661063,1704186000201,bid,114.47,636.71,1
1151,57,2024-01-02T09:00:03.357661063,1704186000201,bid,114.32,1374.38,2
1152,57,2024-01-02T09:00:03.357661063,1704186000201,bid,114.22,51.99,1
1153,57,2024-01-02T09:00:03.357661063,1704186000201,bid,114.18,60.0,1
1154,57,2024-01-02T09:00:03.357661063,1704186000201,bid,114.14,60.0,1
1155,57,2024-01-02T09:00:03.357661063,1704186000201,bid,114.1,60.0,1
1156,57,2024-01-02T09:00:03.357661063,1704186000201,bid,114.09,727.82,1
1157,57,2024-01-02T09:00:03.357661063,1704186000201,bid,114.08,712.89,1
1158,57,2024-01-02T09:00:03.357661063,1704186000201,bid,114.06,60.0,1
1159,57,2024-01-02T09:00:03.357661063,1704186000201,bid,114.02,60.0,1
1160,58,2024-01-02T10:00:01.254548239,1704189599919,ask,116.14,0.43,1
1161,58,2024-01-02T10:00:01.254548239,1704189599919,ask,116.08,25.84,1
1162,58,2024-01-02T10:00:01.254548239,1704189599919,ask,116.03,338.49,1
1163,58,2024-01-02T10:00:01.254548239,1704189599919,ask,116.02,325.8,2
1164,58,2024-01-02T10:00:01.254548239,1704189599919,ask,116.01,639.2,1
1165,58,2024-01-02T10:00:01.254548239,1704189599919,ask,116.0,699.99,1
1166,58,2024-01-02T10:00:01.254548239,1704189599919,ask,115.98,8.61,1
1167,58,2024-01-02T10:00:01.254548239,1704189599919,ask,115.97,738.71,1
1168,58,2024-01-02T10:00:01.254548239,1704189599919,ask,115.96,635.48,1
1169,58,2024-01-02T10:00:01.254548239,1704189599919,ask,115.95,3.9,1
1170,58,2024-01-02T10:00:01.254548239,1704189599919,bid,115.94,1449.48,2
1171,58,2024-01-02T10:00:01.254548239,1704189599919,bid,115.88,1288.73,2
1172,58,2024-01-02T10:00:01.254548239,1704189599919,bid,115.86,738.07,1
1173,58,2024-01-02T10:00:01.254548239,1704189599919,bid,115.81,704.04,1
1174,58,2024-01-02T10:00:01.254548239,1704189599919,bid,115.74,675.55,1
1175,58,2024-01-02T10:00:01.254548239,1704189599919,bid,115.61,184.16,1
1176,58,2024-01-02T10:00:01.254548239,1704189599919,bid,115.59,680.61,1
1177,58,2024-01-02T10:00:01.254548239,1704189599919,bid,115.58,651.56,1
1178,58,2024-01-02T10:00:01.254548239,1704189599919,bid,115.56,0.25,1
1179,58,2024-01-02T10:00:01.254548239,1704189599919,bid,114.98,3808.77,1
1180,59,2024-01-02T11:00:00.885848678,1704193199691,ask,115.5,9.6,1
1181,59,2024-01-02T11:00:00.885848678,1704193199691,ask,115.46,646.92,2
1182,59,2024-01-02T11:00:00.885848678,1704193199691,ask,115.44,1416.79,2
1183,59,2024-01-02T11:00:00.885848678,1704193199691,ask,115.43,1392.19,2
1184,59,2024-01-02T11:00:00.885848678,1704193199691,ask,115.39,1372.73,2
1185,59,2024-01-02T11:00:00.885848678,1704193199691,ask,115.38,3.9,1
1186,59,2024-01-02T11:00:00.885848678,1704193199691,ask,115.35,1392.89,2
1187,59,2024-01-02T11:00:00.885848678,1704193199691,ask,115.19,705.98,1
1188,59,2024-01-02T11:00:00.885848678,1704193199691,ask,115.18,755.97,1
1189,59,2024-01-02T11:00:00.885848678,1704193199691,ask,114.93,1361.35,2
1190,59,2024-01-02T11:00:00.885848678,1704193199691,bid,114.51,7039.76,2
1191,59,2024-01-02T11:00:00.885848678,1704193199691,bid,114.22,51.99,1
1192,59,2024-01-02T11:00:00.885848678,1704193199691,bid,114.21,19.66,1
1193,59,2024-01-02T11:00:00.885848678,1704193199691,bid,114.18,60.0,1
1194,59,2024-01-02T11:00:00.885848678,1704193199691,bid,114.14,60.0,1
1195,59,2024-01-02T11:00:00.885848678,1704193199691,bid,114.1,60.0,1
1196,59,2024-01-02T11:00:00.885848678,1704193199691,bid,114.06,60.0,1
1197,59,2024-01-02T11:00:00.885848678,1704193199691,bid,114.02,60.0,1
1198,59,2024-01-02T11:00:00.885848678,1704193199691,bid,114.01,3667.95,1
1199,59,2024-01-02T11:00:00.885848678,1704193199691,bid,113.99,3557.51,1
1200,60,2024-01-02T12:00:01.007041963,1704196799665,ask,114.18,50.71,1
1201,60,2024-01-02T12:00:01.007041963,1704196799665,ask,114.16,733.24,3
1202,60,2024-01-02T12:00:01.007041963,1704196799665,ask,114.15,1303.2,2
1203,60,2024-01-02T12:00:01.007041963,1704196799665,ask,114.12,1445.04,2
1204,60,2024-01-02T12:00:01.007041963,1704196799665,ask,114.07,8.75,1
1205,60,2024-01-02T12:00:01.007041963,1704196799665,ask,114.02,1446.83,2
1206,60,2024-01-02T12:00:01.007041963,1704196799665,ask,113.88,1459.43,2
1207,60,2024-01-02T12:00:01.007041963,1704196799665,ask,113.58,696.47,1
1208,60,2024-01-02T12:00:01.007041963,1704196799665,ask,113.53,730.2,1
1209,60,2024-01-02T12:00:01.007041963,1704196799665,ask,113.51,0.25,1
1210,60,2024-01-02T12:00:01.007041963,1704196799665,bid,113.15,21.22,1
1211,60,2024-01-02T12:00:01.007041963,1704196799665,bid,113.12,60.0,1
1212,60,2024-01-02T12:00:01.007041963,1704196799665,bid,113.08,60.0,1
1213,60,2024-01-02T12:00:01.007041963,1704196799665,bid,113.04,60.0,1
1214,60,2024-01-02T12:00:01.007041963,1704196799665,bid,113.0,60.0,1
1215,60,2024-01-02T12:00:01.007041963,1704196799665,bid,112.95,3847.76,1
1216,60,2024-01-02T12:00:01.007041963,1704196799665,bid,112.91,3203.67,1
1217,60,2024-01-02T12:00:01.007041963,1704196799665,bid,112.9,0.9,1
1218,60,2024-01-02T12:00:01.007041963,1704196799665,bid,112.51,3513.08,1
1219,60,2024-01-02T12:00:01.007041963,1704196799665,bid,112.47,8.12,1
1220,61,2024-01-02T13:00:02.939566298,1704200400157,ask,113.23,210.19,1
1221,61,2024-01-02T13:00:02.939566298,1704200400157,ask,113.22,906.58,5
1222,61,2024-01-02T13:00:02.939566298,1704200400157,ask,113.21,335.83,2
1223,61,2024-01-02T13:00:02.939566298,1704200400157,ask,113.2,1358.98,2
1224,61,2024-01-02T13:00:02.939566298,1704200400157,ask,113.19,725.44,1
1225,61,2024-01-02T13:00:02.939566298,1704200400157,ask,113.18,1368.2,2
1226,61,2024-01-02T13:00:02.939566298,1704200400157,ask,113.13,8.83,1
1227,61,2024-01-02T13:00:02.939566298,1704200400157,ask,113.11,775.81,1
1228,61,2024-01-02T13:00:02.939566298,1704200400157,ask,113.1,657.34,1
1229,61,2024-01-02T13:00:02.939566298,1704200400157,ask,113.09,80.0,1
1230,61,2024-01-02T13:00:02.939566298,1704200400157,bid,113.08,60.0,1
1231,61,2024-01-02T13:00:02.939566298,1704200400157,bid,113.06,80.0,1
1232,61,2024-01-02T13:00:02.939566298,1704200400157,bid,113.04,60.0,1
1233,61,2024-01-02T13:00:02.939566298,1704200400157,bid,113.03,80.0,1
1234,61,2024-01-02T13:00:02.939566298,1704200400157,bid,113.0,248.77,3
1235,61,2024-01-02T13:00:02.939566298,1704200400157,bid,112.99,665.64,1
1236,61,2024-01-02T13:00:02.939566298,1704200400157,bid,112.97,80.0,1
1237,61,2024-01-02T13:00:02.939566298,1704200400157,bid,112.95,663.31,1
1238,61,2024-01-02T13:00:02.939566298,1704200400157,bid,112.94,80.0,1
1239,61,2024-01-02T13:00:02.939566298,1704200400157,bid,112.91,80.0,1
1240,62,2024-01-02T14:00:04.254250943,1704204003023,ask,113.59,49.99,1
1241,62,2024-01-02T14:00:04.254250943,1704204003023,ask,113.58,12.43,1
1242,62,2024-01-02T14:00:04.254250943,1704204003023,ask,113.57,669.6,2
1243,62,2024-01-02T14:00:04.254250943,1704204003023,ask,113.56,9.6,1
1244,62,2024-01-02T14:00:04.254250943,1704204003023,ask,113.55,1371.58,2
1245,62,2024-01-02T14:00:04.254250943,1704204003023,ask,113.52,1336.45,2
1246,62,2024-01-02T14:00:04.254250943,1704204003023,ask,113.46,1399.81,2
1247,62,2024-01-02T14:00:04.254250943,1704204003023,ask,113.33,1350.57,2
1248,62,2024-01-02T14:00:04.254250943,1704204003023,ask,113.09,80.0,1
1249,62,2024-01-02T14:00:04.254250943,1704204003023,ask,113.08,60.0,1
1250,62,2024-01-02T14:00:04.254250943,1704204003023,bid,113.06,830.59,2
1251,62,2024-01-02T14:00:04.254250943,1704204003023,bid,113.05,656.0,1
1252,62,2024-01-02T14:00:04.254250943,1704204003023,bid,113.04,60.0,1
1253,62,2024-01-02T14:00:04.254250943,1704204003023,bid,113.03,80.25,2
1254,62,2024-01-02T14:00:04.254250943,1704204003023,bid,113.0,140.0,2
1255,62,2024-01-02T14:00:04.254250943,1704204003023,bid,112.97,80.0,1
1256,62,2024-01-02T14:00:04.254250943,1704204003023,bid,112.94,80.0,1
1257,62,2024-01-02T14:00:04.254250943,1704204003023,bid,112.91,80.0,1
1258,62,2024-01-02T14:00:04.254250943,1704204003023,bid,112.9,0.9,1
1259,62,2024-01-02T14:00:04.254250943,1704204003023,bid,112.88,80.0,1
1260,63,2024-01-02T15:00:03.010086627,1704207600245,ask,110.33,939.41,4
1261,63,2024-01-02T15:00:03.010086627,1704207600245,ask,110.31,1484.01,2
1262,63,2024-01-02T15:00:03.010086627,1704207600245,ask,110.3,685.74,1
1263,63,2024-01-02T15:00:03.010086627,1704207600245,ask,110.27,1378.82,2
1264,63,2024-01-02T15:00:03.010086627,1704207600245,ask,110.22,673.44,1
1265,63,2024-01-02T15:00:03.010086627,1704207600245,ask,110.21,672.18,1
1266,63,2024-01-02T15:00:03.010086627,1704207600245,ask,110.15,3.9,1
1267,63,2024-01-02T15:00:03.010086627,1704207600245,ask,110.12,0.2,1
1268,63,2024-01-02T15:00:03.010086627,1704207600245,ask,110.09,1419.06,2
1269,63,2024-01-02T15:00:03.010086627,1704207600245,ask,110.04,0.2,1
1270,63,2024-01-02T15:00:03.010086627,1704207600245,bid,109.95,0.2,1
1271,63,2024-01-02T15:00:03.010086627,1704207600245,bid,109.85,0.2,1
1272,63,2024-01-02T15:00:03.010086627,1704207600245,bid,109.83,0.25,1
1273,63,2024-01-02T15:00:03.010086627,1704207600245,bid,109.74,1453.22,2
1274,63,2024-01-02T15:00:03.010086627,1704207600245,bid,109.7,0.2,1
1275,63,2024-01-02T15:00:03.010086627,1704207600245,bid,109.61,0.2,1
1276,63,2024-01-02T15:00:03.010086627,1704207600245,bid,109.57,120.0,1
1277,63,2024-01-02T15:00:03.010086627,1704207600245,bid,109.5,120.0,1
1278,63,2024-01-02T15:00:03.010086627,1704207600245,bid,109.49,0.2,1
1279,63,2024-01-02T15:00:03.010086627,1704207600245,bid,109.4,0.2,1
1280,64,2024-01-02T16:00:04.124783291,1704211200915,ask,109.7,719.62,2
1281,64,2024-01-02T16:00:04.124783291,1704211200915,ask,109.69,685.88,1
1282,64,2024-01-02T16:00:04.124783291,1704211200915,ask,109.68,787.01,1
1283,64,2024-01-02T16:00:04.124783291,1704211200915,ask,109.66,731.96,1
1284,64,2024-01-02T16:00:04.124783291,1704211200915,ask,109.65,783.74,1
1285,64,2024-01-02T16:00:04.124783291,1704211200915,ask,109.59,1377.12,2
1286,64,2024-01-02T16:00:04.124783291,1704211200915,ask,109.58,1499.46,2
1287,64,2024-01-02T16:00:04.124783291,1704211200915,ask,109.57,0.18,1
1288,64,2024-01-02T16:00:04.124783291,1704211200915,ask,109.48,1488.69,2
1289,64,2024-01-02T16:00:04.124783291,1704211200915,ask,109.36,1468.22,2
1290,64,2024-01-02T16:00:04.124783291,1704211200915,bid,109.33,0.25,1
1291,64,2024-01-02T16:00:04.124783291,1704211200915,bid,108.97,4002.63,1
1292,64,2024-01-02T16:00:04.124783291,1704211200915,bid,108.88,3801.39,1
1293,64,2024-01-02T16:00:04.124783291,1704211200915,bid,108.52,3910.98,1
1294,64,2024-01-02T16:00:04.124783291,1704211200915,bid,108.5,0.6,1
1295,64,2024-01-02T16:00:04.124783291,1704211200915,bid,108.46,3765.78,1
1296,64,2024-01-02T16:00:04.124783291,1704211200915,bid,108.43,0.18,1
1297,64,2024-01-02T16:00:04.124783291,1704211200915,bid,108.38,0.6,1
1298,64,2024-01-02T16:00:04.124783291,1704211200915,bid,108.26,0.6,1
1299,64,2024-01-02T16:00:04.124783291,1704211200915,bid,108.22,10.36,1
1300,65,2024-01-02T17:00:01.307173319,1704214799923,ask,110.37,192.96,2
1301,65,2024-01-02T17:00:01.307173319,1704214799923,ask,110.35,382.11,1
1302,65,2024-01-02T17:00:01.307173319,1704214799923,ask,110.3,379.71,1
1303,65,2024-01-02T17:00:01.307173319,1704214799923,ask,110.28,1449.8,2
1304,65,2024-01-02T17:00:01.307173319,1704214799923,ask,110.23,1459.7,2
1305,65,2024-01-02T17:00:01.307173319,1704214799923,ask,110.19,775.87,1
1306,65,2024-01-02T17:00:01.307173319,1704214799923,ask,110.15,758.39,1
1307,65,2024-01-02T17:00:01.307173319,1704214799923,ask,110.08,1527.71,2
1308,65,2024-01-02T17:00:01.307173319,1704214799923,ask,109.9,1200.0,1
1309,65,2024-01-02T17:00:01.307173319,1704214799923,ask,109.84,1489.7,2
1310,65,2024-01-02T17:00:01.307173319,1704214799923,bid,109.8,22.46,1
1311,65,2024-01-02T17:00:01.307173319,1704214799923,bid,109.78,2.91,2
1312,65,2024-01-02T17:00:01.307173319,1704214799923,bid,109.73,11.41,1
1313,65,2024-01-02T17:00:01.307173319,1704214799923,bid,109.71,0.18,1
1314,65,2024-01-02T17:00:01.307173319,1704214799923,bid,109.36,6999.15,2
1315,65,2024-01-02T17:00:01.307173319,1704214799923,bid,109.27,6.32,1
1316,65,2024-01-02T17:00:01.307173319,1704214799923,bid,108.64,100.0,1
1317,65,2024-01-02T17:00:01.307173319,1704214799923,bid,108.63,3501.62,1
1318,65,2024-01-02T17:00:01.307173319,1704214799923,bid,108.6,3404.89,1
1319,65,2024-01-02T17:00:01.307173319,1704214799923,bid,108.51,100.0,1
1320,66,2024-01-02T18:00:01.076934530,1704218399698,ask,107.95,147.92,1
1321,66,2024-01-02T18:00:01.076934530,1704218399698,ask,107.93,19.21,1
1322,66,2024-01-02T18:00:01.076934530,1704218399698,ask,107.92,767.68,2
1323,66,2024-01-02T18:00:01.076934530,1704218399698,ask,107.9,1572.24,2
1324,66,2024-01-02T18:00:01.076934530,1704218399698,ask,107.88,1514.57,2
1325,66,2024-01-02T18:00:01.076934530,1704218399698,ask,107.81,18.28,1
1326,66,2024-01-02T18:00:01.076934530,1704218399698,ask,107.78,1477.97,2
1327,66,2024-01-02T18:00:01.076934530,1704218399698,ask,107.7,738.6,1
1328,66,2024-01-02T18:00:01.076934530,1704218399698,ask,107.66,694.38,1
1329,66,2024-01-02T18:00:01.076934530,1704218399698,ask,107.49,744.29,1
1330,66,2024-01-02T18:00:01.076934530,1704218399698,bid,107.42,0.25,1
1331,66,2024-01-02T18:00:01.076934530,1704218399698,bid,107.4,775.95,1
1332,66,2024-01-02T18:00:01.076934530,1704218399698,bid,106.94,3500.63,1
1333,66,2024-01-02T18:00:01.076934530,1704218399698,bid,106.83,3459.43,1
1334,66,2024-01-02T18:00:01.076934530,1704218399698,bid,106.81,97.96,1
1335,66,2024-01-02T18:00:01.076934530,1704218399698,bid,106.69,0.6,1
1336,66,2024-01-02T18:00:01.076934530,1704218399698,bid,106.68,100.0,1
1337,66,2024-01-02T18:00:01.076934530,1704218399698,bid,106.57,0.6,1
1338,66,2024-01-02T18:00:01.076934530,1704218399698,bid,106.55,100.0,1
1339,66,2024-01-02T18:00:01.076934530,1704218399698,bid,106.5,3887.15,1
1340,67,2024-01-02T19:00:04.082756919,1704222002857,ask,108.06,3.65,1
1341,67,2024-01-02T19:00:04.082756919,1704222002857,ask,108.05,9.6,1
1342,67,2024-01-02T19:00:04.082756919,1704222002857,ask,108.04,747.38,2
1343,67,2024-01-02T19:00:04.082756919,1704222002857,ask,108.03,1465.04,2
1344,67,2024-01-02T19:00:04.082756919,1704222002857,ask,108.0,703.76,1
1345,67,2024-01-02T19:00:04.082756919,1704222002857,ask,107.99,690.81,1
1346,67,2024-01-02T19:00:04.082756919,1704222002857,ask,107.94,9.25,1
1347,67,2024-01-02T19:00:04.082756919,1704222002857,ask,107.9,1485.04,2
1348,67,2024-01-02T19:00:04.082756919,1704222002857,ask,107.79,1450.98,2
1349,67,2024-01-02T19:00:04.082756919,1704222002857,ask,107.54,0.25,1
1350,67,2024-01-02T19:00:04.082756919,1704222002857,bid,107.51,684.48,1
1351,67,2024-01-02T19:00:04.082756919,1704222002857,bid,107.44,781.89,1
1352,67,2024-01-02T19:00:04.082756919,1704222002857,bid,107.08,3503.21,1
1353,67,2024-01-02T19:00:04.082756919,1704222002857,bid,107.05,3372.14,1
1354,67,2024-01-02T19:00:04.082756919,1704222002857,bid,106.81,97.96,1
1355,67,2024-01-02T19:00:04.082756919,1704222002857,bid,106.69,0.6,1
1356,67,2024-01-02T19:00:04.082756919,1704222002857,bid,106.68,100.0,1
1357,67,2024-01-02T19:00:04.082756919,1704222002857,bid,106.67,3383.61,1
1358,67,2024-01-02T19:00:04.082756919,1704222002857,bid,106.57,3629.55,2
1359,67,2024-01-02T19:00:04.082756919,1704222002857,bid,106.55,100.0,1
1360,68,2024-01-02T20:00:03.077974086,1704225600308,ask,107.94,59.59,2
1361,68,2024-01-02T20:00:03.077974086,1704225600308,ask,107.91,764.32,2
1362,68,2024-01-02T20:00:03.077974086,1704225600308,ask,107.89,1507.2,2
1363,68,2024-01-02T20:00:03.077974086,1704225600308,ask,107.88,4.63,1
1364,68,2024-01-02T20:00:03.077974086,1704225600308,ask,107.87,1504.85,2
1365,68,2024-01-02T20:00:03.077974086,1704225600308,ask,107.78,767.82,1
1366,68,2024-01-02T20:00:03.077974086,1704225600308,ask,107.77,821.8,2
1367,68,2024-01-02T20:00:03.077974086,1704225600308,ask,107.71,1560.72,2
1368,68,2024-01-02T20:00:03.077974086,1704225600308,ask,107.48,817.18,1
1369,68,2024-01-02T20:00:03.077974086,1704225600308,ask,107.45,688.99,1
1370,68,2024-01-02T20:00:03.077974086,1704225600308,bid,107.42,0.25,1
1371,68,2024-01-02T20:00:03.077974086,1704225600308,bid,107.0,3480.63,1
1372,68,2024-01-02T20:00:03.077974086,1704225600308,bid,106.96,3573.27,1
1373,68,2024-01-02T20:00:03.077974086,1704225600308,bid,106.93,0.18,1
1374,68,2024-01-02T20:00:03.077974086,1704225600308,bid,106.9,13.85,1
1375,68,2024-01-02T20:00:03.077974086,1704225600308,bid,106.81,97.96,1
1376,68,2024-01-02T20:00:03.077974086,1704225600308,bid,106.69,0.6,1
1377,68,2024-01-02T20:00:03.077974086,1704225600308,bid,106.68,100.0,1
1378,68,2024-01-02T20:00:03.077974086,1704225600308,bid,106.57,0.6,1
1379,68,2024-01-02T20:00:03.077974086,1704225600308,bid,106.55,100.0,1
1380,69,2024-01-02T21:00:02.954813345,1704229200179,ask,107.22,103.42,2
1381,69,2024-01-02T21:00:02.954813345,1704229200179,ask,107.16,367.03,1
1382,69,2024-01-02T21:00:02.954813345,1704229200179,ask,107.14,1032.17,2
1383,69,2024-01-02T21:00:02.954813345,1704229200179,ask,107.13,9.32,1
1384,69,2024-01-02T21:00:02.954813345,1704229200179,ask,107.12,1851.39,3
1385,69,2024-01-02T21:00:02.954813345,1704229200179,ask,107.03,1390.18,2
1386,69,2024-01-02T21:00:02.954813345,1704229200179,ask,106.99,3.9,1
1387,69,2024-01-02T21:00:02.954813345,1704229200179,ask,106.97,699.25,1
1388,69,2024-01-02T21:00:02.954813345,1704229200179,ask,106.95,770.32,1
1389,69,2024-01-02T21:00:02.954813345,1704229200179,ask,106.9,13.85,1
1390,69,2024-01-02T21:00:02.954813345,1704229200179,bid,106.84,679.17,1
1391,69,2024-01-02T21:00:02.954813345,1704229200179,bid,106.82,679.72,1
1392,69,2024-01-02T21:00:02.954813345,1704229200179,bid,106.75,200.0,1
1393,69,2024-01-02T21:00:02.954813345,1704229200179,bid,106.73,0.25,1
1394,69,2024-01-02T21:00:02.954813345,1704229200179,bid,106.69,0.6,1
1395,69,2024-01-02T21:00:02.954813345,1704229200179,bid,106.61,200.0,1
1396,69,2024-01-02T21:00:02.954813345,1704229200179,bid,106.58,797.87,1
1397,69,2024-01-02T21:00:02.954813345,1704229200179,bid,106.57,743.24,2
1398,69,2024-01-02T21:00:02.954813345,1704229200179,bid,106.48,200.0,1
1399,69,2024-01-02T21:00:02.954813345,1704229200179,bid,106.46,3.76,1
1400,70,2024-01-02T22:00:01.251914311,1704232799832,ask,108.18,13.85,1
1401,70,2024-01-02T22:00:01.251914311,1704232799832,ask,108.17,1.84,1
1402,70,2024-01-02T22:00:01.251914311,1704232799832,ask,108.16,789.83,2
1403,70,2024-01-02T22:00:01.251914311,1704232799832,ask,108.15,713.42,2
1404,70,2024-01-02T22:00:01.251914311,1704232799832,ask,108.14,1568.38,2
1405,70,2024-01-02T22:00:01.251914311,1704232799832,ask,108.1,1469.75,2
1406,70,2024-01-02T22:00:01.251914311,1704232799832,ask,108.03,1355.08,2
1407,70,2024-01-02T22:00:01.251914311,1704232799832,ask,108.02,3.9,1
1408,70,2024-01-02T22:00:01.251914311,1704232799832,ask,107.92,11.58,1
1409,70,2024-01-02T22:00:01.251914311,1704232799832,ask,107.91,1526.18,2
1410,70,2024-01-02T22:00:01.251914311,1704232799832,bid,107.81,11.59,1
1411,70,2024-01-02T22:00:01.251914311,1704232799832,bid,107.63,677.18,1
1412,70,2024-01-02T22:00:01.251914311,1704232799832,bid,107.59,734.1,1
1413,70,2024-01-02T22:00:01.251914311,1704232799832,bid,107.52,11.64,1
1414,70,2024-01-02T22:00:01.251914311,1704232799832,bid,106.97,3784.47,1
1415,70,2024-01-02T22:00:01.251914311,1704232799832,bid,106.95,3587.56,1
1416,70,2024-01-02T22:00:01.251914311,1704232799832,bid,106.75,200.0,1
1417,70,2024-01-02T22:00:01.251914311,1704232799832,bid,106.69,0.6,1
